3260 5206
723 471 763 535 21

295 669 451 734 Similiter
466 670 559 734 Philo
584 670 623 734 de
646 668 734 754 λόγῳ
756 673 844 753 θείῳ
863 669 899 730 in
922 685 1033 732 rerum
1056 668 1270 731 universitate

204 778 366 860 cogitavit.
425 774 632 860 Quamquam
664 775 802 840 vocibus
829 772 948 857 ,,λόγος
980 769 1198 848 luitoldum&
1238 778 1270 838 et

203 884 323 970 ,,λόγος
344 883 568 976 προφορικός“
588 903 656 948 non
671 902 755 947 usus
771 887 830 963 est,
844 883 953 942 tamen
977 878 1014 942 si'
1025 875 1118 941 Philo
1134 879 1170 940 in
1185 879 1269 945 libro

204 991 244 1055 de
275 991 402 1075 opificio
423 991 551 1076 ,mundi
579 990 669 1053 dicit:
704 991 743 1058 οὐ
770 988 1033 1080 προστάττοντα
1052 987 1157 1074 μόνον
1184 991 1268 1058 ἀλλὰ

203 1097 258 1160 καὶ
282 1093 506 1179 ὃιανοόμενον,
530 1098 591 1160 hcc
614 1098 774 1162 contrario
791 1097 874 1160 nihil
897 1097 987 1160 alind
1011 1095 1180 1181 significat,
1203 1100 1268 1164 nisi

203 1200 247 1282 id,
263 1200 352 1283 quod
369 1200 479 1265 verbis
498 1200 615 1285 ,,λόγος
632 1201 849 1280 eudochiam&
865 1206 897 1266 et
912 1200 1031 1285 ,,λόγος
1044 1195 1269 1288 προφορικός*

203 1310 311 1369 mente
355 1308 646 1392 comprehenditur.
712 1309 820 1374 Verbo
867 1309 1168 1398 ,,προστόττοντα“
1215 1305 1267 1374 λό-

201 1445 260 1503 γος
285 1416 500 1512 προφορικός,
529 1414 634 1479 'verbo
671 1422 927 1505 ,,ὸίανοόμενον“
949 1417 1048 1502 λόγος
1066 1413 1292 1494 ἐνδιάθετος·

201 1525 434 1610 intelligendus
465 1527 521 1587 est.
566 1523 689 1610 Λόγος,
714 1529 771 1610 qui
802 1528 946 1591 humano
969 1524 1057 1612 λόγῳ
1077 1531 1266 1615 ἐνδιαθέτῳ

201 1632 384 1715 respondet,
406 1633 442 1694 in
465 1630 547 1694 ideis
570 1649 702 1716 corpore
718 1635 905 1699 carentibus
920 1634 1056 1715 habitat3
1082 1635 1163 1699 alter
1188 1654 1267 1700 vero

201 1741 301 1825 λόγος
320 1739 465 1803 humano
485 1740 572 1827 λόγῳ
594 1745 790 1835 προφορικῷ
812 1742 1013 1826 respondens
1035 1743 1071 1806 in
1094 1741 1193 1806 rebus
1216 1745 1266 1804 in-

199 1849 333 1912 venitur
347 1846 543 1929 visibilibus,
562 1869 646 1933 quae
661 1851 792 1914 illarum
810 1850 958 1914 idearum
977 1854 1056 1914 sunt
1070 1850 1238 1931 imagines.
1246 1850 1266 1934 ¹)

699 2061 776 2138 Π.

289 2186 400 2250 Pauca
434 2187 473 2250 de
507 2187 634 2252 viribus
673 2188 789 2252 mediis
824 2185 1006 2273 (δυνάμεις)
1039 2192 1137 2272 atque
1177 2189 1266 2272 quali

199 2295 326 2358 ratione
348 2293 446 2380 λόγος
469 2313 544 2356 oum
566 2294 618 2358 his
636 2293 763 2358 viribus
787 2295 830 2358 sit
846 2297 1042 2378 conjunctus
1061 2295 1093 2357 in
1119 2296 1264 2359 medinm

198 2399 342 2485 proferre
366 2420 531 2465 conamur.

289 2507 401 2592 Hujus
429 2507 594 2572 doctrinae
623 2507 836 2572 fundamenta
860 2511 929 2592 jam
955 2508 991 2570 in
1018 2505 1111 2571 libris
1139 2507 1264 2572 Macca-

197 2615 365 2697 baeorum,
389 2616 447 2700 qui
462 2614 537 2677 libri
559 2619 690 2698 propter
705 2634 752 2696 ea,
769 2634 853 2698 quae
869 2615 1046 2696 continent,
1068 2615 1104 2678 in
1126 2632 1264 2679 numero

198 2743 336 2808 operum
358 2721 659 2786 Alexandrinorum
681 2720 852 2805 habentur,
874 2724 962 2805 jacta
984 2725 1085 2784 erant
1136 2718 1264 2796 Quibus

198 2811 234 2894 iu
257 2829 349 2894 libris
368 2831 437 2912 jam
460 2830 538 2894 satis
569 2828 699 2893 exculta
727 2832 796 2892 erat
823 2829 862 2892 de
889 2825 1017 2890 viribus
1045 2825 1165 2891 divinis
1189 2826 1264 2891 doc·

197 2939 294 3020 trina,
311 2955 395 3020 qnae
412 2936 510 3000 deum
532 2937 642 3020 ipsum
656 2937 692 2998 in
707 2936 871 3000 mundum
886 2954 1022 2999 manum
1033 2952 1100 2996 non
1111 2934 1265 3017 inserere,

198 3044 257 3108 sed
292 3062 369 3107 eum
391 3043 454 3106 alio
477 3041 572 3105 modo
595 3042 631 3104 in
665 3043 788 3107 mundo
823 3060 894 3107 esse
934 3040 1097 3105 efficacem
1131 3041 1263 3105 indicat

197 3149 300 3213 Poma
323 3149 500 3212 maximam
522 3148 696 3213 adhibebat
716 3151 784 3214 vim
810 3152 846 3213 in
868 3148 1040 3212 Philonem
1061 3146 1264 3233 philosophia

197 3256 353 3320 Platonis.
410 3254 463 3317 Ex
492 3255 592 3338 hujus
621 3256 803 3340 philosophi
836 3256 982 3320 doctrina
1012 3254 1105 3319 ideae
1140 3259 1287 3341 species,

196 3365 475 3454 (παραδείγματα,
491 3360 683 3451 ἀρχέτυπον)
698 3367 731 3426 et
745 3383 798 3427 res
814 3363 973 3446 magices
989 3363 1131 3450 (εἴδωλα,
1148 3365 1263 3452 ὁμοιῶ-

199 3607 341 3679 δυνοὶμειοε,
360 3595 389 3676 ἧς
407 3606 439 3662 τὸ
458 3600 580 3664 οὐσιῶδες
598 3615 671 3678 αἷμα,
689 3607 772 3681 μοῖρά
789 3632 828 3667 τις
845 3611 979 3672 ἐξαίτετον
996 3619 1053 3676 ἔσχε
1070 3618 1149 3682 μέρος
1166 3610 1262 3684 φωνήν

200 3706 242 3751 καὶ
258 3693 343 3782 λόγον,
364 3688 395 3751 οὗ
407 3694 439 3750 τὸ
452 3695 495 3750 διὰ
511 3693 643 3767 στόματος
654 3706 696 3751 καὶ
707 3695 824 3770 γλῶττηε
843 3702 911 3771 ῥέων
922 3701 1001 3770 νόμοι,
1014 3697 1078 3752 αλλὰ
1096 3697 1147 3767 τὴν
1164 3699 1259 3772 πηγὴν,

200 3777 247 3858 ἀφ’
263 3785 292 3854 ἦε
310 3786 339 3839 αἱ
354 3785 405 3839 τοῦ
420 3785 584 3857 προφορικοῦ
601 3783 738 3856 δεξόμενοι
754 3787 925 3860 πληροῦσθαι
942 3786 1096 3861 πεφύκασιν.

307 3875 337 3945 1)
354 3875 396 3928 De
419 3874 468 3928 vit.
491 3873 557 3929 Mos.
582 3874 618 3928 M.
641 3876 676 3944 H,
702 3875 766 3932 157:
794 3881 887 3933 Δι’ττος
908 3875 959 3949 γὰρ
981 3871 996 3931 ὁ
1018 3873 1094 3950 λόγος
1115 3883 1146 3933 ἔν
1167 3900 1197 3932 τε
1220 3880 1262 3934 τῶ

197 3972 280 4020 παντὶ
306 3971 348 4017 καὶ
374 3969 404 4016 ἐν
431 3953 581 4035 ἇνθρῶποο
608 3961 690 4036 φύσει,
728 3964 806 4019 Κατὰ
827 3970 878 4035 μὲν
898 3964 928 4020 ’τί
953 3966 1016 4031 πᾶν,
1041 3963 1056 4021 ὅ
1080 3989 1110 4021 τε
1128 3975 1187 4039 περὶ
1203 3968 1260 4022 τῶν

196 4044 350 4122 ἀσωμάτων
370 4059 413 4105 καὶ
433 4051 678 4124 παραδειγματικῶν
700 4053 785 4119 ἰδεῶν,
808 4054 836 4116 ἐξ
853 4040 892 4108 ῶν
918 4050 932 4109 ὁ
951 4054 1047 4124 νοητὸς
1063 4053 1148 4128 ἐπάγη
1165 4053 1261 4126 κόσμος

196 4149 240 4194 καὶ
258 4135 273 4194 ὁ
291 4147 351 4211 περὶ
370 4141 428 4194 τῶν
451 4135 565 4212 ὁρατῶν,
584 4137 602 4194 οἳ
618 4141 650 4210 δὴ
668 4140 804 4212 μιμήματα
826 4152 869 4197 καὶ
886 4134 1090 4215 ἇπεικογιομντα
1107 4144 1165 4198 τῶν
1182 4143 1261 4199 ἰδεῶν

196 4236 305 4284 ἐκείνων
327 4234 406 4295 ἐστὶν,
430 4229 459 4291 ἐξ
482 4215 521 4283 ῶν
545 4225 559 4283 ὁ
582 4230 713 4298 αἰσθητὸς
734 4218 811 4288 οὗτος
835 4223 994 4288 ἀποτελοῖτο.
1031 4234 1064 4288 of.
1084 4233 1259 4290 Grossmann:

197 4319 374 4385 Quaestiones
390 4317 535 4373 Philoneae
553 4317 590 4386 II,
609 4320 650 4375 10.
