3260 5206
896 461 938 524 26

381 661 466 724 dona
489 681 508 723 a
531 660 591 724 dec
612 661 683 744 ipsc
711 658 839 739 dantur,
865 659 987 742 exigua
1012 678 1070 742 per
1097 658 1252 746 λόγουςᾸ)
1295 658 1341 722 Hi
1369 663 1446 722 sunt

380 786 486 851 genus
502 787 540 830 ac
559 767 692 851 species,
715 783 800 848 quae
818 769 893 828 ante
912 765 1058 848 singulas
1074 767 1222 830 existunt
1239 785 1301 847 res,
1324 764 1445 849 quibus

381 891 493 938 omnes
512 893 565 938 res
578 872 726 957 singulae
739 871 903 953 suchctae
916 874 1001 935 sunt.
1046 871 1095 936 Re
1108 873 1266 957 singulari
1278 872 1446 952 exstincta,

379 981 454 1045 illae
478 982 602 1065 specics
625 984 692 1043 non
715 981 905 1063 tangimur,
928 977 985 1042 sed
1001 996 1036 1042 re
1056 997 1134 1042 vera
1151 982 1293 1042 manent.
1338 976 1445 1040 Pluri-

380 1109 472 1152 mum
488 1089 524 1150 in
540 1076 705 1150 hominem
722 1082 817 1169 λόγοι
832 1084 950 1148 valent.
996 1083 1082 1149 Fons
1099 1086 1253 1149 scientiae
1265 1086 1336 1166 ejus
1353 1089 1443 1161 sunt3

380 1195 572 1277 sapientiam
595 1197 692 1277 atque
715 1193 871 1256 virtutem
892 1191 982 1254 illam
1007 1195 1197 1274 sequentem
1219 1193 1360 1276 pariunt.
1405 1189 1445 1253 In

380 1301 489 1365 anima
518 1301 671 1381 heminis,
700 1303 738 1363 ut
764 1300 874 1383 ipsum
888 1318 921 1361 -a
943 1299 1078 1362 materia
1101 1299 1239 1381 solvant,
1265 1297 1446 1362 ascendunt

379 1427 417 1470 ac
441 1402 677 1488 descenduntl)

469 1512 560 1577 Deus
597 1533 693 1604 pomo
729 1531 833 1596 quum
861 1511 1029 1574 materiam
1062 1513 1133 1595 ipse
1167 1515 1299 1595 tangere
1338 1511 1447 1593 nollet,

379 1620 462 1684 ideis
499 1619 688 1705 corpoiibus
724 1616 917 1682 vacantibus
951 1618 987 1679 in
1025 1616 1149 1681 mundo
1183 1617 1321 1682 creando
1363 1638 1445 1683 usus

381 1730 436 1790 est.
482 1725 554 1790 Hae
580 1726 673 1798 ideae
703 1727 791 1790 vires
819 1729 907 1805 sunt,
931 1741 1015 1806 quae
1044 1724 1080 1784 in
1102 1723 1144 1787 iis
1168 1723 1314 1788 efficiunt
1342 1725 1445 1808 quali·

381 1836 492 1914 tatem,
526 1832 648 1916 quibus
682 1852 749 1896 ncn
788 1836 837 1896 est
875 1829 1024 1914 qualitas,
1065 1847 1149 1912 quae
1188 1830 1230 1894 iis
1265 1829 1345 1894 dant
1381 1831 1444 1895 fcr-

381 1958 476 2022 mam,
508 1939 629 2022 quibus
653 1959 720 2002 non
743 1944 791 2004 est
812 1937 925 2018 forma,
955 1941 1052 2019 atque
1079 1934 1207 1999 infinita
1230 1938 1362 2020 sepiunt
1383 1943 1445 2002 ter-

379 2041 512 2126 minisl)
535 2044 662 2110 Deinde
673 2065 740 2109 non
751 2043 847 2109 modo
862 2045 985 2127 species
1003 2047 1090 2124 sunt,
1107 2041 1277 2106 sedetiam
1289 2046 1447 2127 notiones,

380 2172 447 2215 non
480 2151 576 2216 modo
610 2172 739 2237 genere,
773 2151 831 2215 sed
864 2152 961 2214 etiem
996 2152 1195 2239 ἐννοήματα.
1248 2150 1294 2215 Ut
1326 2170 1446 2235 genera
1480 2145 1483 2151 ’

381 2260 572 2343 speciesque
589 2264 668 2324 sunt
690 2279 813 2340 eorum,
836 2276 920 2341 quae
943 2259 1096 2324 sensibus
1111 2279 1178 2323 non
1195 2263 1273 2324 sunt
1292 2257 1446 2340 subjecta,

381 2368 428 2431 sic
445 2368 602 2450 emnium,
625 2386 708 2451 quae
733 2366 794 2430 sub
812 2383 929 2428 sensus
951 2383 1019 2427 nen
1035 2365 1164 2430 cadunt.
1212 2365 1333 2430 Omnes
1352 2368 1446 2445 artes,

381 2492 493 2537 omnes
529 2474 654 2538 litterae
690 2493 727 2536 ac
762 2474 900 2535 virtutes
935 2489 977 2534 ex
1006 2471 1072 2535 illis
1106 2473 1256 2556 pendent.
1305 2471 1445 2535 Tantum

382 2582 440 2667 qui
471 2581 588 2644 harum
618 2579 767 2643 idearum
789 2578 895 2642 factus
918 2583 967 2642 est
993 2579 1162 2663 particeps
1193 2579 1320 2662 11111611,
1349 2579 1444 2641 homo

380 2687 495 2751 litteris
519 2688 668 2751 eruditus
691 2706 729 2748 ac
752 2686 872 2749 virtute
897 2689 1030 2749 ornatus
1054 2705 1125 2751 esse
1147 2687 1285 2772 potest.⁴)

468 2793 559 2858 Inter
589 2795 743 2879 δυνάμεις
767 2799 799 2858 et
830 2791 948 2876 λόγους
978 2793 1074 2857 ctiam
1105 2795 1221 2879 angeli,
1252 2794 1291 2858 de
1324 2793 1445 2877 quibus

488 3059 515 3127 1)
532 3059 596 3128 Leg.
615 3056 691 3125 alleg.
710 3055 761 3120 III,
786 3056 815 3111 P.
835 3059 883 3113 93:
906 3049 1006 3130 ἀρέσκει
1024 3057 1074 3131 γὰρ
1092 3048 1166 3126 cinq}
1188 3055 1223 3112 τὰ
1239 3060 1290 3126 μὲν
1307 3053 1443 3128 προηγού-

378 3169 445 3216 μενα
468 3137 569 3218 ἀγαθὰ,
591 3137 806 3218 αὗταπροαώπως
829 3138 912 3202 αὗτόν
933 3145 989 3201 τὸν
1004 3144 1072 3201 ὄντα
1094 3143 1203 3210 διδόναι,
1228 3143 1263 3200 τὰ
1285 3142 1394 3216 δεύτερα
1416 3143 1446 3197 δὲ

379 3232 442 3291 τοὺς
465 3226 587 3308 ἀγγέλους
604 3242 646 3289 καὶ
664 3232 757 3307 λόγους
773 3226 865 3294 αὐτοῦ.
902 3240 1016 3307 Δευτέρα
1033 3232 1065 3288 δέ
1080 3240 1154 3288 ἐστιν
1171 3231 1220 3289 ὅσα
1235 3240 1344 3306 περιέχει
1358 3233 1446 3288 κακῶν

379 3314 540 3396 ἀπαλλαγήν.

487 3412 515 3482 2)
545 3411 710 3483 Keferstein‚
744 3414 838 3469 Philos
872 3414 961 3468 lehre
996 3430 1050 3467 von
1086 3414 1138 3467 den
1168 3411 1315 3481 gtttlichen
1344 3410 1445 3466 ninel-

380 3517 478 3570 wesen,
499 3502 559 3555 131.

488 3591 516 3660 3)
533 3591 574 3646 De
591 3593 726 3646 monareh.
745 3592 781 3646 Μ.
799 3592 821 3663 I,
841 3591 904 3646 219:
923 3582 1084 3662 ὄνομάζουσι
1100 3589 1130 3644 δὲ
1147 3581 1229 3648 lvcis
1246 3581 1293 3645 οὖν
1311 3581 1364 3645 ἀπὸ
1382 3611 1445 3644 σκα-

381 3767 415 3824 τὰ
432 3765 534 3822 ἄτακτα
543 3764 689 3823 τάττουσαι
706 3777 748 3823 καὶ
765 3767 799 3824 τὰ
812 3767 907 3842 ἄπειρα
924 3777 967 3824 καὶ
984 3761 1094 3842 ἀόριστα
1106 3775 1148 3823 καὶ
1164 3760 1345 3840 ἆσχημάτιστα
1363 3792 1445 3843 περα-

381 3857 474 3912 ταῦσαι
491 3863 533 3910 καὶ
549 3859 742 3929 περιορίζαυσαι
765 3864 808 3912 καὶ
825 3860 1030 3929 σχηματίζουααι
1047 3866 1089 3913 καὶ
1111 3855 1227 3916 συνόλως
1246 3857 1279 3913 τὸ
1303 3864 1393 3930 χεῖρον
1411 3861 1446 3916 εἰς

379 3944 489 4016 ἄμεινον
505 3943 745 4017 μεθαρμαζόμεναι,

487 4034 518 4106 4)
536 4035 576 4089 De
594 4036 660 4093 mut.
683 4052 754 4094 nom.
773 4036 809 4094 Μ.
828 4035 852 4105 I,
871 4036 937 4092 60οτ
965 4027 1032 4092 αὖτδ
1055 4035 1084 4090 δὲ
1107 4037 1190 4092 ταῦτα
1208 4033 1240 4092 τὸ
1257 4035 1384 4106 μουσικὸν
1401 4044 1444 4091 καὶ

379 4122 558 4196 γραμματικὸν
574 4130 616 4177 καὶ
632 4124 813 4197 γεωμετρικὸν,
835 4129 876 4178 ἔτι
900 4122 929 4178 δὲ
946 4123 1047 4180 δίκαιον
1068 4133 1110 4181 καὶ
1128 4126 1245 4199 σῶφρον,
1265 4124 1395 4202 φρανιμόν
1412 4151 1442 4182 τε

380 4220 423 4268 καὶ
439 4203 570 4284 ἀνδρεῖον,
589 4217 618 4267 ἓν
635 4203 701 4268 αὗτὸ
718 4211 805 4284 μόνον
822 4211 854 4267 τὸ
873 4204 1013 4279 ἀνωτάτω,
1031 4213 1115 4285 μηδὲν
1132 4215 1200 4272 ἰδέας
1218 4206 1364 4288 ἀρχετύπου
1383 4214 1441 4272 δια-

381 4307 471 4376 φέρον,
489 4292 534 4376 ἀφ’
553 4288 585 4357 οἷ
601 4297 636 4357 τὰ
653 4300 736 4357 noval
753 4311 797 4358 καὶ
832 4299 962 4373 ἀμύθητα
979 4308 1066 4359 cniva
1086 4301 1242 4374 διεπλᾶσδη.

1003 4504 1102 4592 ἱ
