3260 5206
870 455 911 516 38

222 713 223 716 ,
353 649 480 733 ὀφθείς
501 671 556 718 σοι
577 659 612 718 ἐν
634 651 727 736 τόπῳ
751 655 846 728 θεοῦ,
875 652 996 713 attente
1026 668 1099 714 esse
1130 650 1415 733 contemplandum

352 757 482 838 judicat.
527 755 627 822 Putat
644 759 741 840 onim,
754 757 860 840 primo
877 756 978 838 hujus
993 747 1056 820 looi
1070 755 1190 820 obtutu
1213 756 1296 820 duos
1311 756 1416 822 videri

353 881 425 929 esse
448 863 535 946 deos,
553 864 615 936 ,sed
632 883 668 928 re
685 883 763 928 vera
778 882 884 928 unum
902 862 999 927 modo
1017 883 1088 929 esso
1112 863 1210 928 deum
1233 865 1266 926 et
1286 865 1414 926 tantum

352 989 411 1054 por
443 973 690 1055 usurpationem
723 978 773 1058 (ὲν
804 967 1017 1060 καταχρήσει)
1052 970 1415 1054 praesumpturum
1458 1012 1462 1017 -

353 1095 479 1141 saonam
496 1096 613 1142 verum
629 1077 727 1142 deum
750 1083 877 1161 sempor
892 1076 1029 1140 artiouio
1052 1076 1215 1159 denotare,
1233 1096 1309 1140 oum
1327 1075 1416 1158 alter,

356 1185 414 1269 qui
443 1184 539 1248 modo
571 1185 703 1250 nomine
723 1185 769 1249 sit
798 1184 889 1266 dous,
919 1184 1055 1248 artioulo
1078 1203 1145 1248 non
1167 1187 1308 1266 notetur,
1338 1203 1416 1246 nam

357 1279 481 1355 dietum
504 1310 589 1356 esse:
613 1289 775 1381 ὁὸφθείς
790 1313 843 1358 σοι
865 1297 900 1357 ἐν
925 1287 1017 1376 τόπῳ
1040 1289 1100 1368 ,,οὐ
1122 1294 1183 1356 τοῦ
1204 1293 1321 1370 sisoim,
1344 1285 1415 1354 ἀλλ’

353 1396 437 1465 αὐτὸ
466 1396 571 1484 μόνον
599 1403 736 1483 ,,θεοῦ“.
794 1397 869 1461 Hoo
904 1396 1004 1461 verbo
1039 1401 1166 1476 ,,θεοῦ“
1199 1395 1300 1481 λόγον
1343 1415 1414 1460 esso

353 1504 610 1589 intelligendum.
656 1505 691 1570 Si
707 1505 788 1569 deus
810 1505 846 1566 in
869 1504 921 1568 dei
936 1503 1007 1568 loeo
1026 1509 1186 1589 appareat,
1208 1505 1307 1568 deum
1329 1523 1415 1566 nun-

354 1630 454 1694 quam
471 1615 601 1696 mutari,
616 1613 674 1678 sed
693 1631 769 1676 eum
783 1615 912 1674 tantum
928 1611 1135 1675 simulantem
1152 1595 1258 1696 angeli
1275 1610 1415 1694 figuram

354 1721 386 1781 ot
416 1719 556 1802 speeiem
586 1737 749 1803 apparere,
778 1722 816 1782 ut
844 1718 879 1801 ii,
911 1718 969 1801 qui
999 1716 1098 1782 deum
1127 1737 1243 1782 verum
1271 1721 1415 1802 spectare

354 1827 573 1908 nonpossint,
595 1826 799 1890 edoceantur.
845 1823 898 1887 Ex
919 1825 981 1888 hoo
1004 1823 1208 1889 Gfroerarius
1233 1831 1294 1893 τοῦ
1314 1823 1416 1909 λόγου

355 1933 529 1996 essentiam
542 1931 745 2017 personatam
769 1931 963 1995 oonoludere
985 1930 1067 1996 vult.
1114 1929 1187 2014 Sed,
1210 1932 1298 2016 quod
1320 1929 1415 1995 Philo

355 2036 454 2122 λόγον
471 2039 571 2102 modo
600 2040 669 2103 vim
700 2037 865 2122 quandam
891 2037 987 2101 modo
1016 2039 1190 2101 essentiam
1211 2039 1416 2122 personalem

355 2146 534 2229 explicasse
548 2144 688 2227 videtur,
710 2144 750 2208 de
772 2145 833 2207 hae
855 2161 900 2226 re,
922 2147 1036 2208 utrum
1058 2138 1156 2224 λόγος
1173 2142 1320 2208 Philonis
1341 2163 1415 2227 per-

357 2271 438 2316 sona
461 2254 504 2316 sit
524 2269 638 2333 neone,
659 2255 746 2315 recte
769 2250 949 2333 dijudicare
972 2269 1039 2313 non
1061 2269 1247 2334 possumus.

445 2357 533 2435 Quid
549 2358 691 2442 donique
705 2358 741 2420 in
758 2377 886 2422 summa
901 2356 940 2421 do
959 2356 1106 2421 Philonis
1127 2357 1216 2443 λόγῳ
1243 2358 1414 2421 dieamus?

355 2463 423 2529 Nos
445 2464 646 2549 profitemur,
668 2462 799 2527 diffieile
823 2482 894 2528 esse
918 2463 1017 2545 dictu,
1045 2465 1125 2548 quid
1148 2463 1295 2529 Philonis
1319 2463 1419 2550 λόγος

355 2571 405 2634 sit
451 2569 586 2636 Summa
601 2575 651 2636 est
673 2571 830 2651 omnium,
851 2588 936 2652 quae
955 2571 1192 2654 antiquissimis
1216 2571 1418 2656 temporibus

355 2677 442 2760 apud
457 2677 603 2742 ludaeos
622 2676 882 2741 Palaestinenses
899 2651 1075 2802 (16Ἶὲ5γὲ)
1098 2678 1252 2763 Johovae,
1271 2680 1311 2742 de
1325 2679 1420 2762 faeie,

355 2837 478 2952 (Εᾙῷ)
501 2835 563 2918 ‘¹05³
590 2836 629 2900 ‘10
664 2836 751 2956 ,Ἦ
774 2847 862 2973 ἓξὲξ
885 2831 960 2956 Ἲς),
989 2840 1077 2924 apud
1104 2838 1248 2903 Judaeos
1272 2838 1416 2926 Alexan-

325 3074 326 3078 ,
355 2995 466 3058 drinos
483 2994 522 3058 de
540 2992 640 3058 verbo
663 2997 816 3084 ,,σοφία“,
837 2995 924 3079 apud
941 2993 1080 3061 Graooos
1101 2997 1140 3060 de
1155 2995 1256 3060 verbo
1280 2987 1418 3080 ,,λόγος“

354 3099 609 3186 proferebantur.
665 3098 812 3166 Philonis
847 3101 1026 3166 doctrinam
1066 3103 1105 3166 de
1140 3099 1227 3186 λόγῳ
1262 3103 1303 3166 ad
1338 3104 1418 3168 artis

355 3209 492 3272 formam
530 3225 692 3292 exponere
730 3226 797 3270 non
835 3228 1028 3293 possumus,
1065 3210 1129 3274 nisi
1167 3209 1252 3272 hano
1286 3209 1418 3274 illamve

356 3313 502 3378 Philonis
525 3315 719 3379 sententiam
743 3313 920 3380 dimissuri.
