3260 5206
696 450 737 512 33

191 642 337 727 ἑτέρωθι
359 643 550 726 συνωνυμίφ
559 637 728 728 χριόμενος
749 642 842 709 καλοῖ
854 636 973 722 μα’ννα,
999 637 1058 704 τὸν
1073 636 1256 724 πρεσβύτα·
1317 645 1320 654 ’

191 764 251 806 τον
279 743 346 807 τῶν
372 736 481 808 όντων
506 736 608 823 λόγον
631 742 738 816 θεῖον,
765 735 801 816 ὃς
828 736 1029 823 ὀνομάζεται
1057 736 1096 806 τὸ
1124 737 1255 823 γενικώ·

193 866 299 908 τατον
322 867 364 909 το.
465 914 471 932 ι

280 945 367 1023 Quid
391 949 512 1014 nostris
539 945 741 1031 temporibus
773 949 906 1012 notione
933 947 1079 1011 Philonis
1107 950 1254 1038 ,,σοφία“

191 1053 368 1140 significari
395 1054 533 1140 putant?
584 1045 928 1147 Daehniusllonpioo
955 1055 1046 1118 ducit
1074 1058 1135 1120 τοῦ
1156 1051 1257 1137 λόγου

190 1163 258 1226 vim
283 1161 450 1226 dividendi
477 1161 530 1226 vel
559 1159 746 1236 facultatem
772 1161 975 1228 instituendi.
1030 1155 1258 1240 Gtroereriush

192 1272 224 1333 et
256 1267 444 1351 Heinziusl)
476 1267 577 1354 λόγον
610 1272 643 1333 et
676 1274 800 1361 σοφίαν
835 1270 971 1340 candem
1001 1268 1152 1351 judicant
1186 1285 1257 1330 esse

190 1376 366 1457 notionem,
390 1375 512 1460 quibus
535 1375 616 1439 viris
638 1374 808 1460 Baurius4)
832 1380 1002 1461 repugnat.

281 1481 403 1546 Mirum
422 1487 481 1566 est,
504 1483 593 1568 quod
611 1480 698 1565 apud
721 1480 891 1548 Philonem
916 1482 1092 1568 sapientiae
1116 1485 1147 1544 et
1169 1479 1257 1566 λόγῳ

192 1587 324 1652 eaedem
339 1587 534 1654 tribuuntur
548 1589 759 1674 proprietates
783 1594 881 1674 atque
905 1591 1056 1662 actiones.
1101 1586 1148 1651 Ut
1171 1589 1258 1651 enim

192 1700 299 1788 σοφία
321 1695 530 1761 solitudinem
547 1700 641 1777 amat,
664 1695 711 1758 sic
735 1692 867 1770 ὁθοῖος
887 1690 986 1779 λόγος
1006 1699 1055 1759 est
1078 1701 1259 1789 φιλέρημος

191 1810 247 1873 καὶ
282 1803 468 1892 μονωτατός
506 1812 541 1871 ἐν
575 1801 660 1888 όχλῳ
700 1806 766 1868 τῶν
797 1807 989 1888 γενομένων.
1044 1805 1164 1895 Σοφία
1197 1824 1258 1867 arx

191 1913 340 1977 numinis
368 1917 417 1978 cst
444 1911 598 1996 supremi,
626 1910 674 1974 sic
700 1908 798 1996 λόγος
826 1909 929 1989 τόττος
951 1915 1000 1976 est
1028 1916 1089 1978 τοῦ
1115 1914 1204 1976 θεοῦ
1226 1915 1258 1975 ct

192 2017 282 2096 οἶκος
310 2016 444 2106 νοητόςς
467 2024 506 2083 ut
529 2024 633 2110 σοφία
662 2018 709 2082 sic
731 2017 829 2105 λόγος
855 2024 904 2084 ost
927 2020 945 2086 ὁ
969 2018 1093 2106 τομεύς.
1136 2020 1258 2109 Σοφία

192 2125 355 2189 mundum
379 2128 482 2189 aetate
506 2128 638 2209 superat
659 2126 842 2211 mundique
861 2130 910 2191 est
929 2127 1138 2211 procreatur,
1160 2123 1261 2210 λόγος

192 2231 424 2322 πρεσβύτατος
440 2237 489 2298 est
508 2232 660 2321 ὄργανον,
684 2253 749 2318 quo
768 2235 877 2298 omnia
892 2238 999 2298 creata
1015 2239 1101 2300 sunt.
1137 2233 1258 2323 Σοφία

191 2341 353 2413 virtutum
370 2341 646 2425 scientiarumque
666 2340 837 2404 hominum
859 2341 1057 2425 principium
1080 2345 1138 2423 est,
1160 2337 1258 2422 λόγος

191 2447 369 2531 sapientiae
397 2452 447 2513 est
474 2448 566 2512 dator
593 2452 769 2532 anatesque
792 2447 932 2511 virtutis.
977 2446 1129 2530 Denique
1154 2454 1258 2540 σοφία

189 2559 223 2618 et
245 2552 344 2638 λόγος
371 2575 492 2619 manna
519 2561 606 2638 sunt,
637 2575 702 2639 qua
727 2558 835 2637 patres
862 2555 899 2616 in
925 2553 1101 2618 solitudine
1132 2556 1257 2618 nutrie-

187 2661 320 2744 bantur,
343 2667 375 2725 et
395 2661 479 2746 fons,
502 2680 544 2726 ex
568 2680 632 2746 quo
656 2660 703 2724 illi
727 2680 846 2744 aquam
869 2659 1072 2726 hauriebant.

674 2889 774 2970 IV.

279 3015 355 3079 Jam
388 3036 594 3102 quaeramus
626 3018 757 3102 qualem
788 3035 864 3079 cum
895 3016 955 3081 deo
983 3017 1081 3104 λόγος
1109 3017 1255 3084 Philonis
1351 3095 1352 3098 Ἴ

188 3122 307 3187 habeat
329 3124 601 3206 conjunctionem.
646 3123 709 3188 Dei
733 3127 783 3188 est
804 3142 908 3206 mens,
930 3126 1081 3209 cogitatio
1097 3128 1150 3191 vel
1165 3130 1256 3211 ratio,
1325 3143 1327 3147 ·

190 3251 257 3316 qua
280 3229 333 3294 dei
355 3233 495 3316 cogitata
517 3231 689 3317 finguntur
713 3231 887 3318 (ὲννόησις,
914 3235 1072 3322 λογισμός
1093 3241 1181 3304 θεοῦ
1203 3242 1256 3305 λο-

188 3341 388 3426 γιζομένου).
434 3337 503 3403 Dec
526 3340 591 3423 ipsi
617 3341 789 3423 proximus
816 3342 852 3403 in
880 3341 939 3406 deo
967 3343 1037 3427 ipso
1062 3348 1119 3408 cst.
1155 3343 1257 3427 ¹Inter

190 3452 369 3532 utrumque
401 3445 533 3510 nullum
564 3447 741 3530 spatimn.⁶)
791 3448 822 3511 A
854 3446 914 3510 deo
945 3449 1077 3532 genitus
1108 3455 1256 3534 natuque

298 3679 325 3750 1)
352 3676 573 3734 Geachichthche
599 3676 772 3747 Darstellung
799 3679 847 3732 der
869 3679 1257 3748 jiidisch-alexandrinischon

189 3767 497 3838 Religionsphilcscphie
515 3765 539 3835 I,
558 3765 618 3820 221.

202 3891 205 3897 Δ
294 3858 324 3928 2)
341 3857 365 3927 I,
381 3857 400 3911 l.
419 3873 442 3912 c.
463 3856 524 3912 225.

297 3945 326 4012 3)
344 3945 396 4000 Die
414 3945 501 4002 Lehrc
513 3955 576 4000 rom
588 3944 674 4014 Logos
692 3945 722 4000 in
740 3945 788 4002 der
806 3945 993 4014 griechischen
1004 3945 1177 4014 Philosophia
1196 3945 1256 4000 256.

296 4034 324 4102 4)
342 4034 394 4090 Die
412 4033 570 4112 christliche
588 4033 675 4112 Lehra
693 4049 747 4090 von
766 4035 813 4089 der
830 4033 1027 4103 Dreieinighait
1043 4034 1065 4102 I,
1085 4034 1127 4089 70.

296 4123 324 4194 5)
342 4124 383 4178 De
399 4125 468 4194 prof.
485 4123 522 4177 Μ.
541 4123 564 4193 I,
584 4122 645 4190 561,
663 4121 720 4176 τῶν
730 4121 839 4189 νοητῶν
851 4118 922 4184 ἅπαξ
934 4117 1063 4176 ἁπάντων
1075 4116 1090 4175 ὁ
1102 4119 1254 4194 πρεσβύτα-

189 4232 242 4276 roc,
266 4206 435 4285 ὁέγγταάτῳ
456 4210 568 4283 μηδενὸς
593 4209 672 4267 ὄντος
693 4212 822 4281 μεθορίαν
845 4207 1029 4280 διαστήματος,
1052 4209 1102 4263 ror*
1124 4207 1216 4278 μόνον,
1239 4205 1255 4263 ὅ

188 4306 263 4354 ἐστιν
279 4291 401 4371 ἆψενόῶς
418 4291 599 4374 τ’φιδραμὲνος.

1042 4374 1061 4430 3
