3260 5206
708 471 749 534 37

194 688 265 733 esse
294 677 406 755 τομέα,
436 688 479 733 ex
508 669 560 732 his
592 666 745 732 omnibus
776 667 878 752 λόγον
907 665 1054 731 Philonis
1084 684 1156 730 esse
1185 684 1258 749 per·

195 775 309 840 sonam
332 775 427 841 nobis
450 774 644 839 concludere
667 773 840 840 nonlicet.

283 883 342 946 Sin
360 888 470 948 autem
493 881 591 967 λόγος
611 886 748 946 vocatur
770 883 841 962 οὶός
871 888 932 951 τοῦ
957 879 1148 961 &rodoldo
1175 908 1258 971 πρω,

197 990 343 1077 τόγονος,
366 989 597 1082 πρεσβύτερος,
613 989 874 1079 πρεσβύτατοςῑ)
893 990 946 1055 vel
971 987 1054 1066 θεός
1074 987 1258 1057 retostu-

173 1128 252 1193 ,ρος
280 1101 372 1179 θεός,
396 1101 451 1164 rel
479 1100 606 1184 primus
636 1098 784 1162 coelestis
814 1099 920 1182 homo,
950 1097 1133 1189 ἀνθρωπος
1160 1102 1259 1166 θεοῦ·

196 1211 238 1275 ad
273 1230 372 1295 quem
416 1210 511 1272 homo
549 1205 711 1271 terrestris
744 1204 855 1270 factus
893 1211 959 1290 est,
999 1210 1027 1273 si
1063 1206 1259 1271 describitur

196 1312 264 1380 ελκά
270 1338 290 1380 ν
306 1317 367 1379 τοῦ
384 1315 478 1390 θεοῦ,
494 1306 701 1396 δημιουργός,
713 1307 895 1408 ,ὑπηρέτης
919 1306 1082 1398 ἑρμηνεὺς,
1100 1305 1257 1394 ολνοχόος,

196 1429 313 1504 ἱκέτης,
342 1417 516 1509 ἀρχιερεὺς,
543 1416 774 1507 πρεσβύτατος
801 1413 939 1501 ἀγγελος
967 1417 1021 1482 vel
1048 1417 1258 1506 ἀρχάγγελος,

196 1531 248 1594 siu
273 1533 322 1593 est
345 1528 491 1612 angelus,
515 1526 572 1610 qui
590 1524 714 1608 Hagari
738 1524 912 1608 appareill)
933 1525 987 1589 vel
1011 1527 1068 1609 qui
1087 1525 1259 1590 Sodomam

188 1640 229 1701 et
259 1635 449 1700 Gomorram
480 1627 614 1713 dirmt,³)
646 1632 674 1695 si
709 1630 850 1714 denique
886 1632 937 1696 dei
970 1631 1110 1697 habetur
1142 1633 1259 1716 imago,

196 1763 296 1826 quam
326 1739 433 1806 Moses
463 1743 499 1804 in
528 1742 639 1804 monte
668 1737 800 1802 Herebo
831 1738 923 1820 vidit,
952 1740 1006 1803 rel
1028 1738 1143 1820 nubes,
1173 1757 1259 1821 quae

194 1851 281 1913 inter
310 1848 455 1912 Judaeos
489 1851 522 1911 et
554 1845 757 1910 Pharaonem
786 1846 979 1928 intercessit,
1011 1845 1065 1910 vel
1099 1845 1259 1926 columna,

196 1975 280 2039 quae
303 1955 448 2020 Iudaeos
469 1973 528 2038 per
551 1951 760 2016 solitudinem
784 1951 889 2034 duxit,
912 1989 954 1998 -
977 1953 1067 2017 hisce
1090 1972 1132 2017 ex.
1155 1953 1259 2016 omni-

193 2063 258 2127 bus
290 2059 472 2144 τοῦλόγου
500 2077 639 2142 persona
673 2057 834 2138 concludi,
867 2059 925 2123 sed
955 2078 1023 2124 nou
1057 2059 1259 2144 comprobari

193 2173 308 2253 potest.
366 2166 515 2251 Angelus
546 2166 633 2229 enim
665 2165 770 2249 λόγος,
801 2163 956 2230 Bileamo·
984 2166 1113 2230 obviam
1143 2166 1259 2247 factus

195 2295 238 2339 ex
259 2277 364 2359 ipsius
387 2273 535 2339 Philonis
558 2274 719 2336 sententia
742 2261 940 2337 conscientia
963 2269 1045 2355 ests)

282 2381 358 2447 Nou
393 2380 505 2445 dubito
541 2397 583 2442 an
618 2379 660 2442 sit
693 2380 861 2464 permagni
899 2381 1055 2444 momenti
1092 2379 1184 2444 locus
1219 2380 1259 2444 de

195 2509 297 2553 somn.
320 2487 346 2572 I,
370 2488 448 2551 640:
475 2489 595 2554 εἰδέναι
610 2489 644 2554 δε
660 2492 719 2555 νῦν
733 2487 903 2578 προσήκει,
925 2487 980 2556 ότι
1001 2489 1135 2568 όθεῖος
1156 2489 1260 2568 τόπος

193 2594 251 2658 καὶ
272 2590 293 2671 ἡ
321 2589 393 2678 ὶερά
416 2588 509 2677 χώρα
536 2588 661 2678 πλήρης
690 2588 878 2675 ἀσωμάτων
906 2599 979 2658 ἐστι
1000 2590 1128 2677 λόγων·
1152 2595 1260 2680 ψυχαὶ

194 2697 229 2760 δέ
245 2701 328 2760 εἰσιν
343 2689 518 2760 ἀθάνατοι
532 2697 564 2759 οἱ
579 2689 672 2775 λόγοι
694 2685 798 2760 οὗτοι.
847 2691 984 2760 Τούτων
1000 2690 1039 2774 δὴ
1064 2698 1130 2762 τῶν
1151 2692 1260 2779 λόγων

194 2794 252 2862 ἕνα
273 2795 384 2881 λαβὼν
399 2792 537 2880 (lando)
551 2792 745 2882 ἀριστίνδην
767 2791 997 2880 ἐπιλεγόμενος
1013 2794 1072 2863 τόν
1094 2794 1258 2863 ἀνωτάτω

193 2901 250 2970 καὶ
273 2897 393 2964 ὡσανεὶ
416 2893 570 2982 σώματος
591 2895 760 2981 ἡνωμένον
774 2900 919 2986 κεφαλῆς
941 2896 1090 2986 ἱδρύεται
1112 2901 1259 2975 διανοίας

195 3005 255 3081 τῆς
281 3004 401 3068 ἑαυτοῦ
428 3049 556 3066 ......
586 2998 628 3075 ὡς
658 2996 931 3084 ἀναπαυσόμενος
957 3002 1011 3066 ἐπὶ
1040 2997 1127 3085 λόγῳ
1161 3004 1258 3084 θείῳ.

193 3105 248 3170 Ex
271 3107 434 3188 hocloco,
456 3106 493 3168 in
516 3125 581 3189 quo
604 3104 697 3190 λόγοι
721 3109 753 3170 et
775 3105 873 3191 λόγος
894 3106 980 3170 inter
995 3107 1120 3171 animas
1144 3126 1258 3171 nume-

192 3218 319 3295 rantur,
333 3213 520 3294 Heinzius⁵)
537 3211 637 3298 λόγον
651 3214 798 3280 Philonis
815 3233 887 3280 esse
897 3232 1069 3298 personam
1085 3214 1258 3279 concludit.

191 3319 285 3384 Idem
317 3315 545 3403 Gfroereriusss)
578 3339 619 3384 ex
653 3320 723 3384 loco
758 3321 798 3386 de
833 3341 934 3386 somn
965 3319 1009 3385 M.
1041 3319 1067 3400 I,
1099 3321 1173 3404 656,
1204 3321 1258 3385 de-

192 3432 374 3492 monstrare
392 3427 474 3492 vult.
520 3425 646 3490 Ibidem
665 3426 759 3492 Philo
777 3428 887 3492 locum
906 3426 1042 3492 Genesis
1061 3371 1191 3512 XXXI,
1208 3429 1259 3512 13,

192 3532 252 3598 ubi
283 3535 365 3598 deus
396 3532 519 3598 Iacobo
550 3535 726 3599 somnianti
756 3535 848 3599 dicit:
821 3534 943 3621 λέγω
974 3543 1040 3621 ελμι
1073 3536 1091 3603 ὁ
1125 3533 1256 3615 θεὸς
1241 3565 1258 3606 o

300 3779 327 3848 1)
345 3779 385 3834 De
404 3781 473 3838 conf.
497 3779 563 3850 ling
581 3780 612 3838 P.
631 3779 680 3850 HI,
704 3779 769 3836 342:
793 3781 893 3836 τοῦτον
914 3780 965 3855 γὰρ
988 3781 1125 3855 πρεσβύτα
1125 3807 1176 3839 τον
1198 3784 1257 3840 υἱὸν

191 3862 207 3920 ὁ
225 3867 283 3921 τῶν
300 3865 424 3922 ὄντωνα
407 3859 576 3924 &vastata
538 3891 576 3924 πα
577 3868 635 3941 τὴρ,
653 3863 686 3923 δν
703 3871 822 3941 ἑτέρωθε
840 3867 1047 3943 πρανιόγονονα
1048 3868 1177 3941 ινόμασεν.

299 3955 386 4025 moe
404 3973 488 4016 somn.
507 3958 610 4027 Ι,656.

298 3960 327 4098 3)
344 4045 385 4098 De
404 4062 490 4102 somn.
508 4047 538 4106 P.
558 4047 591 4117 V,
611 4045 654 4103 40.

299 4133 423 4202 4Quod
442 4135 467 4190 d.
486 4151 508 4191 s.
527 4135 574 4195 im.
593 4136 616 4206 Ι,
636 4134 697 4191 299.
