3260 5206
635 485 775 568 ,λ’

215 692 388 776 quendam,
418 692 454 756 in
486 710 552 774 qua
583 710 634 754 res
666 691 845 773 scripturae
877 708 987 752 sacrae
1016 690 1276 774 interpretandae
1313 665 1336 694 '⁸

214 802 439 880 nomentana
463 799 522 862 deo
546 798 699 880 maximo,
729 797 846 880 quiin
869 796 967 861 coelis
990 800 1112 881 regnat,
1140 791 1278 879 δύναμις

215 905 379 990 (potentia)
403 910 435 969 et
458 903 636 966 δυναστεία
658 903 854 988 (inperium)
878 902 939 986 dei,
967 923 1051 988 quae
1073 903 1198 990 ubique
1221 906 1277 970 ad-

216 1016 294 1076 sunt
315 1005 391 1086 lora
412 1005 549 1074 πάντων
580 1011 681 1083 ἐστίν,
709 1002 823 1073 πάντα
846 1003 952 1074 τόπον
979 1009 1122 1096 πληροῖ),
1157 1013 1277 1078 discer-

215 1122 350 1200 nuntur,
383 1118 477 1182 Philo
505 1119 625 1201 docuit,
655 1119 754 1184 deum
781 1120 923 1184 multum
951 1140 970 1183 a
996 1119 1120 1183 mundo
1148 1119 1277 1203 distare,

215 1231 324 1289 tamen
347 1224 472 1310 ubique
501 1245 571 1291 esse
599 1209 642 1272 -ss
663 1221 700 1288 Ὁ
728 1219 810 1299 θεὸς
838 1230 874 1291 ἐν
901 1221 1030 1312 οὐρανῷ
1055 1219 1123 1289 ἅνω
1145 1229 1200 1288 καὶ
1222 1225 1277 1289 ἐπὶ

216 1333 275 1408 τῆς
291 1333 350 1411 γῆς
364 1325 464 1410 κάτω,
487 1369 528 1380 -
552 1332 676 1417 ubique
695 1349 772 1396 vero
788 1330 912 1394 versari
926 1348 995 1394 non
1013 1327 1278 1414 substantialiter,
1367 1357 1378 1426 ⁴.

217 1438 272 1502 sed
295 1438 391 1503 modo
414 1440 575 1522 viribus.¹)
1013 1457 1017 1464 ’

303 1544 418 1610 Thales
454 1547 602 1612 Milesius
633 1546 831 1631 principium
865 1544 982 1607 mundi
1019 1543 1116 1608 duxit
1149 1564 1278 1629 aquam,

215 1652 461 1720 Anaximander
483 1653 522 1722 τὸ
545 1653 691 1743 ἄπειρον,
714 1651 938 1717 Anaximenes
959 1655 1044 1735 adra,
1063 1652 1277 1737 Anaxagoras
1335 1703 1337 1709 .

217 1760 440 1827 Clazomenius
475 1761 517 1829 τὰ
548 1771 730 1852 σπέρματα,
762 1761 804 1830 τόν
827 1761 993 1852 χρήματα,
1026 1763 1068 1829 τὰ
1096 1764 1277 1855 ὁμοιομερῆ

218 1881 364 1958 στοιχεῖα
371 1922 380 1956 ,
412 1867 620 1935 Democritus
652 1870 826 1935 Abderites
862 1869 923 1948 τὰς
949 1870 1097 1959 ἀτόμους
1122 1869 1276 1960 (οὐσίας),

215 1976 306 2041 Plato
328 1976 388 2059 τὴν
410 1977 499 2060 ὕλην.
546 1979 599 2042 Ex
628 1979 789 2043 sententia
812 1977 960 2042 Philonis
983 1980 1020 2042 in
1041 1979 1201 2063 principio
1224 1979 1278 2044 rel

218 2090 290 2148 ante
314 2086 510 2150 creationem
532 2086 649 2150 mundi
672 2087 769 2151 chaos
793 2088 871 2168 erat,
897 2085 981 2149 illud
1012 2086 1105 2202 amp
1124 2087 1213 2174 We
1238 2087 1278 2151 de

217 2245 282 2309 quo
312 2228 348 2288 in
370 2224 452 2290 libro
482 2225 626 2292 Genesis.
672 2227 699 2310 Ι,
730 2227 926 2310 2legimus3
958 2228 994 2290 in
1021 2229 1180 2311 principio
1209 2233 1281 2292 erat

215 2334 237 2414 ἡ
260 2333 329 2416 ὕλη,
351 2335 484 2397 materia
503 2336 573 2398 sine
591 2335 702 2398 forma.
749 2333 788 2396 In
805 2334 866 2397 hac
884 2353 919 2398 re
939 2336 1086 2417 quaestio
1101 2332 1277 2400 Philoneae
1304 2317 1306 2324 ¹

215 2440 434 2525 philosophiae
459 2446 528 2505 erat
549 2443 662 2525 posita.
708 2440 867 2525 Magnum
897 2442 983 2504 inter
1013 2441 1112 2505 deum
1140 2445 1171 2505 et
1193 2442 1277 2508 hanc

215 2550 383 2612 materiam
407 2549 548 2631 spatium
571 2551 639 2611 erat
661 2547 871 2631 implendum.

304 2653 405 2737 Deus,
435 2659 473 2717 ut
499 2654 644 2719 mundus
673 2654 812 2720 visibilis
845 2659 1019 2737 crearetur,
1044 2657 1189 2738 primum
1218 2659 1278 2727 τὸν

217 2763 341 2846 κόσμον
369 2760 502 2846 νοητόν,
532 2761 694 2825 mundum
723 2760 873 2824 idearum
905 2761 957 2826 vel
989 2761 1143 2850 δυνάμεις
1172 2765 1278 2832 finxit.

218 2869 384 2934 Materiam
411 2873 541 2953 propter
569 2887 662 2932 suam
693 2866 871 2932 bonitatem
898 2869 1186 2957 excelsitatemque
1208 2875 1278 2959 ipse

217 2978 374 3062 attingere
385 2970 525 3057 noluitl)
561 2973 634 3051 Qua
650 2974 689 3039 de
706 2995 806 3039 causa
816 2977 853 3038 in
869 2977 1007 3042 creando
1020 2979 1143 3044 mundo
1156 2980 1279 3046 visibili

216 3084 297 3147 deus
319 3082 446 3146 viribus
469 3083 595 3164 medita,
627 3103 710 3166 quos
732 3082 826 3147 Philo
850 3084 987 3148 vocabat
1010 3086 1172 3174 δυνάμεις,
1195 3108 1277 3153 usus

216 3194 273 3273 est,
297 3189 385 3274 quod
407 3189 500 3253 Philo
525 3209 567 3254 en
589 3210 726 3256 numero
749 3191 868 3276 plurali
893 3189 1033 3282 Genesis⁴
1052 3192 1079 3277 I,
1103 3195 1159 3258 26:
1183 3223 1285 3275 „aera

215 3298 339 3385 ἥσομεν
360 3296 566 3388 όνθρωαον“
589 3299 757 3364 conclusit.
802 3298 949 3366 Maxima
969 3304 1021 3368 vis
1043 3303 1143 3389 λόγος
1165 3309 1221 3369 est.

304 3406 326 3469 J
328 3427 379 3470 arn
403 3424 609 3490 quaeramus,
637 3427 736 3490 quam
758 3410 917 3474 rationem
940 3409 1039 3496 λόγος
1060 3411 1179 3476 habeat
1201 3432 1277 3478 cum

216 3513 347 3577 mundo.
401 3513 518 3578 llorma
547 3513 719 3599 figuraque
750 3519 813 3598 est,
847 3515 888 3580 ad
924 3537 1024 3601 quam
1055 3518 1136 3583 deus
1167 3520 1276 3585 aedifi-

218 3623 302 3684 cavit
337 3621 507 3684 mundum.
559 3619 715 3685 Omnium
747 3641 871 3706 rerum,
907 3644 991 3708 quae
1028 3629 1153 3691 creatae
1190 3631 1277 3710 sunt,

322 3817 348 3886 l)
367 3817 400 3870 of.
420 3817 453 3868 de
475 3815 540 3884 ling.
566 3817 634 3870 conf.
653 3815 689 3869 M.
708 3815 773 3871 405:
801 3816 943 3883 Πανταχοῖ
963 3814 1000 3882 δὲ,
1023 3813 1066 3871 ότι
1087 3815 1135 3876 τὰς
1157 3815 1278 3890 δυνάμεις

214 3894 300 3958 αὐτοῦ
324 3903 367 3958 διὰ
392 3905 498 3978 γῆνκαὶ
519 3901 623 3969 ὕδατος,
647 3895 722 3976 depos
744 3928 773 3959 τε
796 3913 838 3959 καὶ
860 3896 977 3977 στ’ρανοῖ
997 3913 1082 3964 τείνας
1102 3913 1181 3982 μέρος
1199 3899 1278 3966 οἰδὲν

159 4003 161 4010 ⁴
213 3991 313 4066 ἤρεμον
329 3984 485 4048 ἀπολέλοιπε
501 3995 552 4049 τοῦ
567 3991 675 4064 κόσμον,

321 4083 349 4152 2)
369 4084 401 4137 cf.
422 4085 454 4137 de
466 4084 530 4139 vict.
544 4085 587 4138 off.
602 4084 637 4152 Π,
651 4084 715 4140 261:
736 4075 767 4138 οὗ
786 4084 836 4157 γὰρ
853 4074 887 4153 ἦν
899 4088 977 4154 θέμις
989 4075 1097 4157 ἀπείρου
1115 4094 1157 4140 ami
1174 4107 1275 4161 πεφορ-

212 4178 292 4242 μόνηε
309 4168 370 4239 ὕλης
387 4169 483 4242 ψαύειν
494 4171 544 4227 τὸν
560 4171 657 4243 ἰ’δμονοι
674 4182 716 4228 καὶ
732 4171 870 4246 μακάριον,
889 4164 952 4227 ολλλοὶ
964 4180 1022 4231 ταῖς
1033 4165 1182 4246 ἆσωμότοιε
1193 4174 1283 4232 δονά-

213 4281 288 4330 μεσιν
307 4303 420 4316 .....
443 4260 620 4334 κατεχρήσατο
638 4262 706 4336 πρὸς
727 4262 759 4319 τὸ
784 4270 860 4336 γένος
878 4269 991 4319 ἕκαστον
1014 4261 1066 4333 τὴν
1091 4257 1276 4336 ἁρμόττουσαν

214 4348 306 4422 λαβεῖν
322 4347 437 4422 μορφήν.
