3260 5206
770 507 809 570 11

259 707 340 789 fieri,
359 708 427 789 jam
449 706 587 770 verbum
610 713 734 793 ,,μέσα“
749 703 880 768 indicat.
928 701 1000 780 Qua
1014 705 1050 766 in
1067 704 1213 767 doctrina
1230 702 1324 767 Philo
1392 729 1394 734 ·

259 812 473 894 Heraclitum,
492 814 748 896 quemlaudavit
764 831 920 895 magnum
939 816 971 875 et
989 811 1131 875 multum
1150 815 1325 888 cantatum,

261 925 426 983 auctorem
448 919 571 984 habuit.
618 918 714 996 Quod
728 917 916 982 Heraclitus
931 917 1104 1002 Ephesius,
1123 920 1180 1001 qui
1198 920 1324 1002 primus

260 1027 426 1092 notionem
434 1026 534 1114 λόγον
542 1025 1013 1111 inphilosophiamintrcduxit
1022 1029 1054 1089 et
1063 1025 1182 1107 docuit,
1191 1027 1326 1109 exigue,

200 1135 204 1150 '
260 1138 379 1197 natura
390 1135 565 1219 primitiva,
577 1153 690 1200 omnes
702 1153 754 1198 res
767 1135 870 1197 exiise
882 1132 976 1214 bello,
985 1170 1026 1178 -
1040 1132 1128 1216 quod
1137 1131 1324 1196 Heraclitus

260 1239 384 1304 bellum
411 1243 658 1324 contrariorum,
684 1241 718 1304 id
745 1239 838 1304 Philo
868 1240 1062 1304 divisionem
1089 1239 1271 1303 nominavit
1294 1243 1326 1302 et

263 1349 320 1432 qui
343 1340 442 1428 λόγος
464 1349 552 1434 apud
567 1347 772 1414 Heraclitum
795 1339 906 1429 πατὴρ
933 1347 993 1411 τοῦ
1008 1346 1163 1429 πολέμου,
1185 1348 1217 1411 is
1238 1347 1325 1431 apud

261 1456 431 1524 Philonem
454 1461 591 1521 vocatur
614 1449 733 1528 τοιιιὺς
756 1457 823 1518 τῶν
844 1449 989 1518 πάντων.

349 1564 400 1630 Ne
426 1566 571 1630 mundus
598 1568 635 1629 io
662 1586 722 1630 sua
750 1566 960 1631 dissolvatur>
974 1564 1134 1628 elementa
1156 1579 1238 1626 neve
1260 1560 1325 1624 for-

261 1691 331 1736 mas
359 1671 551 1757 figurasque
581 1675 720 1755 amittat,
753 1678 861 1758 partes
896 1673 967 1755 ejus
1001 1673 1037 1734 in
1068 1689 1103 1734 se
1134 1669 1326 1733 cohaereant

261 1798 394 1844 necessa
418 1785 475 1844 est.
522 1778 605 1843 Cum
633 1780 720 1864 apud
748 1779 873 1846 Stoicos
896 1772 995 1859 λόγος
1015 1781 1122 1843 rector
1148 1780 1325 1858 custosque

262 1890 311 1951 est
348 1888 496 1951 universi
535 1891 567 1951 et
603 1889 673 1970 ipse
711 1907 769 1971 per
806 1892 906 1951 totam
939 1889 1083 1971 permeat
1122 1888 1153 1947 et
1187 1883 1327 1967 pertinet

262 1993 440 2075 materiam,
463 2012 540 2056 eum
562 1993 650 2077 apud
670 1993 839 2058 Platonem
863 1996 971 2058 anima
994 1992 1110 2056 mundi
1134 1996 1166 2054 et
1187 1991 1326 2054 novissi-

263 2102 325 2164 mis
347 2099 548 2183 temporibus
571 2101 658 2184 apud
681 2100 916 2186 Schellingium
940 2102 1083 2185 spiritus,
1111 2099 1169 2181 qui
1191 2116 1226 2161 re
1248 2115 1326 2160 vera

262 2207 343 2272 deus
373 2209 443 2290 ipse
473 2211 531 2288 est,
564 2211 664 2271 totam
695 2212 846 2271 naturam
877 2210 1008 2290 animat,
1038 2206 1125 2291 apud
1155 2204 1326 2268 Philonem
1383 2196 1387 2204 ’

262 2307 360 2394 λόγος
381 2318 430 2378 est
451 2315 513 2395 vis,
540 2333 606 2396 qua
628 2314 744 2378 mundi
766 2319 873 2398 partes
902 2315 1082 2378 cohaerent.
1128 2306 1244 2392 Λόγος
1264 2313 1325 2375 im-

261 2417 363 2500 pedit,
398 2422 575 2504 quominus
614 2421 759 2485 mundus
794 2421 964 2485 dilabatur.
1023 2420 1064 2483 In
1097 2418 1325 2484 vicissitudine

261 2530 458 2610 temporum,
488 2529 524 2591 in
558 2533 650 2592 motu
681 2547 853 2612 corporum
885 2528 1074 2593 coelestium
1109 2528 1214 2591 omnis
1246 2525 1324 2589 ordo

262 2624 318 2694 διὰ
334 2634 395 2697 τοῦ
415 2627 517 2716 λόγον
538 2641 701 2714 servatum
727 2637 797 2699 sine
814 2655 852 2700 eo
875 2641 961 2700 terra
984 2655 1071 2720 aqua
1094 2635 1326 2699 dissolveretur

262 2745 294 2804 et
315 2741 402 2824 ignis
423 2746 495 2806 abre
512 2742 784 2826 exstingueretur.
818 2743 865 2807 Ut
887 2745 996 2807 anima
1018 2743 1159 2808 hominis
1182 2745 1231 2806 est
1254 2741 1325 2802 vin-

263 2847 385 2931 culum,
408 2869 473 2932 que
500 2851 536 2912 in
560 2845 712 2913 omnib'us
736 2853 878 2935 corporis
905 2849 1053 2934 partibus
1077 2853 1226 2930 servatur
1248 2867 1324 2912 con-

263 2960 388 3037 centus,
412 2957 459 3019 sic
480 2957 517 3019 in
539 2956 662 3019 mundo
687 2949 785 3036 λόγος
806 2963 856 3022 est
879 2953 896 3020 ὁ
919 2951 1046 3038 δεσμός,
1069 2962 1118 3022 est
1145 2956 1326 3038 vinculum,

264 3081 328 3145 quo
357 3063 466 3125 omnia
493 3065 775 3147 conjunguntur.
825 3063 939 3130 'Vestis
970 3065 1099 3130 Veteris
1129 3065 1326 3129 Testamenti
1420 3081 1422 3085 ·

261 3167 423 3254 pontificis
455 3169 576 3232 virium
608 3171 827 3254 spiritualium
859 3179 891 3238 et
925 3173 1098 3241 moralium
1126 3209 1168 3219 -
1196 3180 1326 3254 νοητῶν

263 3275 319 3339 καὶ
349 3269 515 3354 ὰσθητῶν
547 3315 590 3324 -
621 3278 745 3344 indicat
772 3282 1046 3364 conjunctionem,
1077 3299 1161 3364 quae
1190 3272 1245 3342 διὰ
1267 3285 1326 3348 τοῦ

263 3378 363 3466 λόγου
396 3384 544 3450 efficitur.
597 3379 711 3467 Λόγος
746 3394 784 3452 ut
817 3389 918 3453 vestis
954 3392 1060 3453 totum
1100 3390 1326 3474 complectitur

263 3496 434 3561 mundum.
479 3486 650 3557 Ἐνόύετιιο
683 3491 701 3559 ὁ
735 3488 967 3579 πρεσβύτατος
1002 3497 1063 3560 τοῦ
1097 3489 1196 3568 ὄντος
1229 3489 1326 3576 λόγος

265 3597 307 3675 ὡς
329 3599 464 3677 ἐσθῆτα
487 3593 547 3663 τὸν
564 3594 714 3683 κόσμον·
737 3602 799 3682 γῆν
820 3596 883 3688 γὰρ
906 3602 961 3666 καὶ
982 3595 1069 3682 ὕδωρ
1092 3597 1147 3659 κοιλ
1168 3591 1250 3681 ἀέρα
1271 3598 1327 3660 καὶ

264 3704 328 3788 πῦρ
361 3701 418 3765 καὶ
452 3697 494 3764 ιὰ
521 3703 555 3764 ἔκ
591 3697 722 3767 τούτων
749 3698 1031 3788 ὲποιμνιίσχετοιλ)
1077 3736 1119 3747 —
1143 3700 1207 3765 Sed
1230 3701 1326 3764 etiam

264 3809 411 3873 omnium
426 3824 537 3870 rerum
552 3805 794 3872 firmamentum
814 3808 1010 3875 describitur
1033 3801 1138 3889 λόγος,
1161 3808 1326 3873 ferrumen

263 4004 475 4014 -—....-.

372 4089 400 4162 1)
419 4092 451 4145 of.
472 4093 505 4146 de
523 4093 590 4161 proi.
608 4092 638 4147 P.
656 4093 705 4162 IV,
724 4094 788 4148 372:
812 4090 827 4148 ὁ
845 4096 895 4149 τοῦ
913 4093 992 4152 ὄντος
1009 4093 1085 4167 λόγος
1102 4093 1195 4163 δεσμός
1213 4091 1252 4146 νόν
1269 4094 1326 4146 τῶν

263 4178 392 4238 ἁπάντων
406 4223 411 4236 .
426 4223 453 4240 ..
472 4189 515 4235 καὶ
532 4187 653 4248 σονέχετο
670 4180 705 4236 τὰ
721 4189 787 4254 μέρη
806 4181 895 4238 πάντα
912 4192 954 4239 καὶ
971 4192 1073 4258 σφίγγει
1089 4191 1132 4238 καὶ
1148 4180 1240 4239 κωλύει
1257 4174 1325 4238 αὐτὰ

263 4268 419 4327 διαλύεσθαι
436 4277 478 4324 καὶ
496 4269 667 4341 διαρτᾶσθαι.

370 4361 399 4429 2)
418 4361 450 4415 cf.
470 4360 503 4414 de
521 4361 586 4429 prof.
605 4357 636 4414 P.
652 4359 700 4431 IV,
720 4361 779 4417 272.
