3260 5206
908 453 949 517 16

390 656 551 737 pretatur:
576 647 704 715 κάτεισι
720 650 763 732 δὲ,
780 646 887 738 ὥσπερ
910 647 977 716 ἀπὸ
999 657 1113 737 πηγῆς,
1130 657 1189 733 τῆς
1205 659 1335 744 σοφίας,
1350 681 1452 722 ποτα-

389 759 455 841 μοῦ
479 752 613 843 τρόπον,
648 751 665 816 ὁ
700 754 795 826 θεῖος
827 749 933 833 λόγος,
969 759 1032 834 ἴνα,
1066 750 1148 846 ἄρδῃ
1181 758 1236 819 καὶ
1263 757 1396 849 ποτίζῃ·
1410 756 1452 822 τὰ

391 854 536 942 ὀλύμπια
575 857 631 920 καὶ
673 850 811 941 οὐράνια
845 856 1033 944 φυλαρέτωυ
1072 861 1188 944 ψυχῶν
1228 857 1451 945 βλαστήματα

390 971 445 1034 καὶ
468 963 568 1056 φυτὰ,
593 966 711 1031 ὡσανεὶ
727 963 936 1052 παράδεισον,
953 969 985 1026 et
1004 963 1209 1049 01011,λόγον
1232 983 1303 1027 esse
1318 963 1452 1046 flumen,

391 1073 479 1157 quod
502 1077 607 1136 totum
629 1071 791 1136 mundum
807 1070 1017 1152 beatitudine,
1039 1071 1199 1154 imprimis
1221 1070 1369 1136 homines
1391 1073 1452 1135 im-

388 1180 475 1262 pleat
498 1179 664 1262 sapientia,
685 1178 875 1262 pincernam
897 1196 992 1260 porro
1017 1178 1079 1258 dei,
1102 1178 1253 1266 οὶνοχόογ
1283 1185 1342 1247 τοῦ
1364 1184 1453 1249 θεοῦ

390 1291 421 1350 et
445 1291 702 1372 συμποσίαρχον,
733 1285 791 1367 qui
813 1282 1005 1348 monialibus
1032 1290 1152 1368 nectar,
1179 1287 1198 1348 i.
1227 1306 1253 1350 e.
1282 1289 1452 1372 seipsum

277 1435 279 1442 ,
390 1393 451 1457 det.
497 1393 531 1458 Si
546 1412 624 1457 vera
643 1392 809 1475 sapientia,
824 1391 921 1477 λόγος
937 1410 1049 1455 omnes
1065 1393 1217 1458 scientias
1236 1395 1451 1479 complectens

389 1501 564 1585 omniaque
575 1503 758 1585 penetrans,
772 1500 928 1562 inanimo
942 1503 991 1563 est
1005 1498 1159 1582 humano,
1174 1501 1269 1565 homo
1282 1502 1451 1566 seientiam

389 1608 536 1670 omnium
552 1605 650 1670 habet
664 1624 775 1669 rerum
794 1611 826 1669 et
844 1606 971 1670 coelum
990 1609 1022 1669 et
1044 1609 1162 1669 terram
1181 1608 1452 1692 comprehendere

389 1717 486 1796 atque
517 1714 614 1776 etiam
641 1731 693 1776 res
723 1712 851 1776 futuras
884 1712 1031 1775 divinare
1063 1716 1095 1774 et
1123 1714 1308 1796 praedicere
1338 1719 1451 1799 potest.

388 1824 502 1905 Λόγος
524 1839 627 1903 quum
648 1819 840 1902 sapientiam
861 1817 993 1900 tribuat,
1023 1819 1151 1906 ἥλιος,1)
1180 1825 1211 1884 et
1234 1841 1362 1904 manna,
1394 1821 1451 1884 ali·

388 1932 535 1991 mentum
563 1927 690 1990 animae
721 1922 904 2007 vocatur.²)’
949 1925 1071 1992 Similis
1105 1931 1171 1993 rori
1203 1933 1322 1993 terram
1354 1929 1452 2016 λόγος

387 2035 475 2119 tegit,
502 2034 559 2098 sed
583 2035 653 2116 ejus
680 2033 731 2096 vis
759 2052 826 2096 non
853 2032 894 2095 ad
918 2052 1029 2099 omnes
1060 2037 1200 2120 pertinet
1220 2038 1360 2102 animas.
1405 2035 1452 2100 Ut

387 2160 507 2203 manna
535 2140 630 2203 modo
655 2145 708 2206 tal
735 2139 913 2226 πρόσωπον
942 2148 1000 2224 τῆς
1023 2144 1144 2233 ἐρήμου
1166 2141 1292 2225 cecidit,
1319 2145 1366 2207 sio
1392 2151 1452 2226 τοῦ

387 2249 486 2335 λόγου
521 2249 570 2311 vis
604 2252 732 2310 tantum
753 2249 801 2320 ¹in
836 2251 977 2312 animam
1017 2253 1193 2317 solitariam
1232 2247 1453 2333 omnibusque

386 2357 529 2440 oorpor'is
559 2352 752 2417 libidinibus
784 2354 952 2420 liberatam
983 2361 1081 2423 venit.
1137 2356 1202 2434 Qui
1228 2355 1326 2440 λόγος
1355 2376 1451 2440 porro

386 2484 462 2526 oum
484 2462 608 2546 pupilla
627 2465 840 2544 eomparatur.
886 2461 1025 2546 Pupilla,
1048 2483 1248 2548 quamquam
1272 2465 1322 2525 est
1343 2482 1452 2545 parva,

386 2589 497 2634 omnes
522 2567 609 2632 orbis
631 2573 792 2632 terrarum
807 2571 966 2654 cingulos,
989 2591 1077 2636 mare
1100 2573 1298 2635 immensum
1322 2573 1354 2632 ot
1377 2575 1450 2634 abra

384 2696 528 2740 vaouum
552 2679 584 2738 et
602 2675 770 2739 infinitum
789 2678 950 2740 terminat.
997 2676 1121 2742 Eodem
1143 2677 1239 2741 modo
1263 2676 1369 2761 λόγος,
1393 2696 1450 2760 per·

385 2803 483 2868 quem
517 2783 665 2846 homines
701 2801 830 2846 omnem
861 2786 1031 2848 veritatem
1061 2786 1171 2849 videre
1209 2788 1307 2866 atque
1338 2802 1451 2847 omnes

382 2891 533 2956 tenebras
549 2891 694 2953 internas
710 2888 829 2972 pellere
843 2897 991 2974 possunt,
1014 2893 1123 2955 omnia
1142 2891 1330 2954 acutissime
1352 2890 1450 2953 videt.

382 2999 522 3062 Tantum
546 2997 602 3065 διὰ
624 3004 685 3066 τοῦ
707 2997 808 3082 λόγου
829 2999 976 3062 homines
1005 3016 1117 3064 omnes
1145 2997 1313 3060 veritatem
1339 2996 1450 3060 videre

383 3111 481 3190 atque
505 3125 617 3171 omnes
640 3105 791 3170 tenebras
814 3107 959 3169 internas
982 3104 1101 3189 pellere
1124 3109 1270 3187 possunt.

473 3210 567 3287 Quod
599 3212 763 3276 advitam
789 3213 931 3277 hominis
960 3211 1116 3276 moralem
1143 3211 1266 3292 attinet,
1293 3209 1392 3296 λόγος
1414 3211 1450 3272 in

383 3319 529 3382 doctrina
556 3319 704 3383 Philonis
731 3320 867 3383 maximi
895 3322 944 3382 est
971 3319 1135 3382 momenti.
1181 3317 1245 3385 Διὰ
1267 3325 1328 3388 τοῦ
1349 3318 1450 3404 λόγου

381 3425 477 3488 1101110
511 3430 606 3512 ,θεῷ
633 3431 799 3494 λπεσιῖαι“
828 3425 883 3490 vel
916 3424 1134 3504 ,ἀκολούθως
1164 3432 1204 3521 τῇ
1239 3428 1339 3520 φύσει
1372 3429 1449 3508 ζῆν’

380 3535 493 3615 potest.
541 3532 624 3597 Oum
647 3534 794 3616 flumine,
822 3533 910 3617 quod
933 3536 969 3597 in
993 3538 1134 3618 quatuor
1162 3534 1320 3598 dividitur
1340 3536 1448 3619 partes

380 3639 433 3702 vel
455 3640 492 3701 in
516 3646 658 3724 quatuor
680 3643 828 3723 virtutes,
851 3641 949 3727 λόγος
971 3644 1183 3724 eomparatur.
1234 3639 1275 3718 ΙΙ11
1302 3641 1384 3704 libro
1409 3640 1449 3704 de

382 3747 516 3809 somniis
540 3746 582 3810 M.
605 3748 649 3830 H,
673 3749 747 3831 690,
772 3749 834 3812 691
859 3749 1014 3833 legimus:
1039 3746 1170 3814 κάτεισι
1193 3749 1226 3812 δὲ
1251 3746 1359 3837 ὥσπερ
1382 3747 1448 3814 ὰπὸ

380 3852 496 3932 πηγῆς,
522 3853 580 3929 τῆς
601 3853 733 3942 σοφίας,
756 3856 912 3937 ποταμοῦ
937 3847 1070 3939 τρόπον,
1098 3850 1116 3916 ὁ
1140 3853 1238 3926 θεῖος
1263 3847 1370 3934 λόγος,
1395 3857 1449 3917 ἵνα

488 4030 515 4100 1)
534 4030 568 4084 of.
588 4030 652 4086 Gen.
671 4030 751 4102 XIX,
776 4033 825 4087 23:
848 4027 863 4086 ὁ
888 4029 959 4101 ἥλιος
980 4032 1094 4102 ἐξῆλθεν
1117 4037 1160 4112 ἐπὶ
1183 4030 1235 4101 τῆν
1252 4033 1303 4105 γῆν
1320 4041 1362 4087 καὶ
1379 4033 1447 4089 Aah

380 4116 505 4186 εἰσῆλθεν
523 4121 558 4175 εἰς
576 4119 683 4194 Σηγώρ.

487 4207 594 4277 211163.
614 4210 691 4278 alleg.
716 4211 752 4280 II,
772 4212 821 4265 21:
846 4217 968 4282 τρέφεται
990 4212 1047 4265 τῶυ
1068 4216 1116 4281 μέυ·
1141 4211 1307 4282 τελειοτέρου
1342 4208 1354 4263 Ῐ
1379 4212 1444 4282 quw]

379 4291 434 4362 όλορ
453 4295 494 4362 τῷ
512 4293 590 4368 λόγῳ,
