3260 5206
899 481 940 544 32

381 677 627 758 repraesentans
659 677 767 739 omnia
796 677 832 737 in
862 674 986 738 mundo
1010 677 1171 739 centraria
1193 675 1324 758 efficitl)
1369 676 1445 740 Non

381 780 476 843 mode
507 780 640 864 homini,
671 782 728 847 sed
758 783 855 846 etiam
885 780 1009 844 mundo
1032 781 1193 845 antecedit
1219 787 1322 846 aetate
1346 786 1445 866 atque

380 888 502 950 virium
533 908 552 950 a
582 888 642 953 dec
672 890 856 974 genitarum
891 889 995 970 prima
1029 892 1085 952 est.
1142 887 1258 972 Itaque
1289 888 1384 958 είκών
1412 896 1445 955 et

380 997 463 1086 ἁρχὴ
486 1003 572 1065 θεοῦ
594 996 782 1081 appellatur.

469 1104 580 1188 Atque
602 1105 727 1167 homini
748 1101 881 1187 quidem
903 1101 982 1164 haec
1006 1102 1163 1185 sapientia
1185 1103 1354 1166 veritatem
1377 1105 1444 1167 vir-

380 1216 550 1295 tutemque
582 1211 645 1292 dal,
674 1212 710 1272 in
737 1209 855 1272 animis
882 1208 1055 1271 hominum
1075 1211 1218 1298 mentem
1241 1228 1363 1292 sanam,
1391 1212 1445 1273 in·

379 1318 591 1403 telligentiam
624 1315 794 1400 bonasque
829 1315 971 1378 actiones
1005 1313 1172 1398 8111113)
1229 1313 1350 1380 Manna
1385 1322 1443 1399 est,

380 1438 464 1511 quae
481 1424 646 1509 quondam
663 1421 811 1506 patribus
830 1443 849 1485 a
872 1421 932 1485 dec
954 1422 990 1484 in
1013 1421 1189 1485 solitudine
1210 1421 1441 1505 tribuebaturll

379 1522 412 1596 et
443 1531 527 1612 fcnS,
561 1548 659 1614 quem
689 1528 797 1593 Moses
827 1531 864 1592 in
895 1549 974 1593 saxo
1009 1528 1145 1611 aperuit,
1162 1537 1221 1591 'ex
1256 1549 1321 1612 quo
1356 1550 1442 1613 aqua

377 1636 566 1701 hominibus
589 1640 703 1721 potum
725 1636 884 1720 praebens
908 1635 1041 1718 fluxit.⁴)

466 1743 604 1808 Etiamsi
621 1742 716 1807 Philo
744 1745 806 1827 τὴν
829 1750 953 1834 σοφίαν
978 1740 1075 1806 modo
1101 1742 1208 1823 maJ'us
1234 1742 1442 1825 principium,

379 1871 421 1914 ex
460 1870 525 1935 quo
564 1849 662 1935 λόγος
697 1856 854 1936 tanquam
889 1869 907 1913 e
940 1849 1028 1924 fonte
1063 1843 1176 1929 exiit,⁵)
1210 1848 1306 1912 mode
1340 1848 1441 1934 λόγον

377 1959 552 2042 sapientiae
562 1953 709 2039 fontsm⁶)
719 1959 815 2022 mode
825 1965 949 2052 σοφίαν
962 1965 1022 2027 τοῦ
1032 1954 1256 2042 tdyovhabuit
1267 1956 1438 2039 matrem,⁷)

376 2070 486 2129 tamen
515 2063 712 2148 quibusdam
738 2064 818 2130 loeis
848 2073 972 2160 σοφίαν
995 2072 1027 2130 et
1049 2064 1149 2151 λόγον
1178 2061 1266 2125 idem
1289 2079 1360 2125 esse
1383 2061 1442 2125 de·.

377 2172 485 2238 clarat.
531 2170 710 2255 Praecipue
742 2172 807 2234 duc
838 2175 874 2236 in
898 2174 1026 2257 scriptis
1048 2170 1195 2236 Philonis
1222 2169 1441 2232 inveniuntur

375 2279 453 2371 loci,
487 2298 529 2342 ex
564 2277 685 2362 quibus
718 2280 780 2343 hoc
818 2281 1060 2345 evidentissime
1095 2281 1233 2362 apparet.
1290 2273 1440 2338 Primum

374 2385 484 2449 lecum
506 2387 694 2450 invenimus
716 2387 753 2450 in
774 2386 857 2451 libre
880 2389 940 2472 leg.
964 2388 1054 2470 alleg.
1078 2384 1115 2450 P.
1141 2383 1203 2446 157
1228 2385 1260 2444 et
1284 2381 1357 2461 158,
1379 2381 1440 2444 ubi

375 2491 468 2556 Phile
492 2493 550 2556 ait:
574 2497 727 2580 ποταμὸς
752 2499 786 2563 δέ
817 2519 920 2586 φησιν
948 2491 1158 2582 ἐκπορεύεται
1185 2491 1218 2572 ἐξ
1243 2489 1348 2574 Ἐδὲμ,
1378 2495 1440 2556 τοῦ

375 2595 522 2674 ποτίζειν
547 2592 606 2662 τὸν
627 2596 838 2682 παράδεισον.
881 2595 1046 2684 Ποταμός
1067 2595 1089 2676 ἡ
1110 2589 1222 2680 γενική
1244 2600 1336 2658 ἐστιν
1358 2591 1437 2677 ἀγα-

375 2695 495 2777 θότης,
518 2696 605 2779 αὕτη
628 2698 840 2786 ἐκπορεύεται
861 2709 895 2767 ὲκ
918 2705 978 2781 τῆς
993 2698 1090 2784 Ἐδὲμ
1112 2701 1173 2763 τοῦ
1194 2697 1282 2760 θεοῦ
1303 2698 1435 2785 σοφίας,

376 2797 394 2878 ἡ
416 2801 451 2864 δὲ
473 2806 565 2866 ἐστιν
587 2799 683 2868 ὁτοῦ
705 2806 792 2869 θεοῦ
805 2801 911 2888 λόγος·
926 2802 1014 2869 κατὰ
1035 2797 1098 2889 γὰρ
1121 2802 1244 2865 τοῦτον
1258 2799 1439 2876 πδπθῖηϊαί

372 2907 394 2987 ἡ
415 2904 526 2991 γενικὴ
548 2905 658 2996 ἀρετή.
701 2909 814 2975 Altero
832 2910 928 2993 10008)
950 2908 1044 2972 Philo
1067 2925 1195 2986 saxum,
1218 2902 1306 2987 quod
1329 2901 1437 2966 Moses

373 3014 543 3096 percussit,
575 3018 614 3078 ut
643 3037 729 3100 aqua
750 3018 870 3101 pupulo
894 3016 1033 3080 Judaice
1061 3009 1304 3078 adhibendum
1326 3028 1437 3092 proce-

374 3120 472 3205 deret,
503 3130 628 3214 σοφίαν
656 3124 837 3188 ncminavit
871 3127 903 3187 et
938 3122 1034 3186 dixit:
1069 3122 1129 3203 τὴν
1155 3126 1281 3207 πέτραν
1310 3115 1436 3197 ταύτην

372 3265 583 3277 ——--—--—-..

479 3333 506 3404 1)
524 3334 565 3388 De
582 3336 650 3405 proi.
668 3335 698 3390 P.
718 3336 778 3390 575.

469 3417 507 3495 ’2)
524 3423 565 3477 Dc
582 3425 650 3494 prof.
662 3423 699 3482 M.
712 3425 778 3479 553:
797 3422 906 3496 λέγομεν
924 3410 956 3476 οἶν
956 3444 1055 3478 .....
1073 3426 1171 3495 σοφίαν
1190 3460 1279 3478 .....
1292 3423 1435 3489 σπείραντα

369 3517 412 3564 καὶ
429 3511 565 3584 γεννῶντα
583 3518 613 3566 ἐν
630 3519 726 3584 φνχαῖς
742 3499 871 3583 μ’ἇθησιν,
883 3510 1011 3574 παιδείαν,
1029 3506 1183 3578 ἐπιστήμην,
1202 3503 1340 3579 φρόνησιν,
1358 3503 1435 3560 καλὰς

370 3607 413 3654 καὶ
429 3599 567 3657 ἐπαινετᾶε
583 3599 695 3674 πράξεις,

479 3690 508 3760 3)
525 3689 566 3743 De
584 3692 651 3760 prof.
670 3693 701 3750 P.
719 3691 768 3760 IV,
786 3690 847 3750 ⁶282.

476 3778 505 3849 4)
523 3778 587 3848 Leg-
614 3781 691 3850 alleg.
718 3781 750 3835 P.
768 3781 790 3849 I,
810 3779 873 3833 228:
900 3773 918 3846 ἡ
942 3769 1089 3849 οόιρότσμος
1114 3781 1206 3847 πέτρα,
1233 3768 1250 3842 ἡ
1277 3778 1357 3845 σοφίαι
1383 3771 1434 3826 τοῦ

369 3867 439 3923 daca*
455 3873 529 3923 ἐστιν
547 3913 686 3927 ......
704 3867 732 3930 ἐξ
748 3855 779 3936 ἧς
795 3870 896 3932 ποτίζει
912 3865 960 3923 τὰς
977 3865 1120 3940 pal-oddone
1136 3860 1228 3936 ψυχάς.

476 3959 503 4026 5)
521 3958 562 4012 De
589 3973 673 4015 somn.
700 3957 737 4027 H,
765 3957 818 4013 690
835 3956 885 4011 M.:
912 3952 1011 4010 κάτεισι
1032 3954 1061 4009 δὲ
1084 3951 1173 4026 ὥσπερ
1199 3944 1253 4008 dni
1274 3951 1360 4024 πηγῆς
1385 3948 1432 4016 τῆε

369 4035 465 4119 coplas
478 4047 603 4117 ποταμοῦ
620 4042 723 4119 τρόπον
740 4041 755 4100 ὁ
775 4050 851 4102 θεῖος
868 4042 950 4119 λόγος.

458 4133 460 4136 ¹
475 4136 503 4206 6)
521 4137 646 4206 De'prof.
663 4137 700 4191 M„
718 4136 741 4206 I,
760 4135 827 4192 650:
845 4137 923 4192 θεῖος
939 4130 1022 4208 λόγος,
1040 4128 1068 4190 ds
1086 4139 1179 4206 σοφίας
1195 4137 1251 4187 ἐστὶ
1268 4127 1348 4204 πηγή.

375 4255 377 4262 ·
476 4226 647 4297 7)Deprof.
666 4225 823 4290 n1‚563.

475 4315 504 4386 8)
522 4314 597 4381 Quod
616 4317 670 4376 det
688 4317 743 4386 pot
760 4315 779 4370 i.
797 4331 819 4370 s.
837 4313 874 4371 Μ.
893 4313 954 4372 213.

917 4566 947 4599 ἰ
