3260 5206
736 441 780 504 *23

229 639 351 724 quibus
382 638 489 700 anima
516 637 670 700 nutritur.
716 635 844 698 Minora
870 653 947 698 vero
979 632 1137 696 beneficia
1162 632 1289 697 viribus

228 747 344 811 mediis
367 744 569 823 tribuuntur,
598 741 690 805 volui
713 761 759 823 oa,
788 759 872 824 quae
904 739 945 803 ad
972 740 1136 804 hominem
1164 761 1183 802 a
1205 739 1289 803 malo

229 852 426 918 servandum
457 849 628 933 pertinent.
673 847 742 912 Tali
773 847 869 911 modo
903 845 984 910 deus
1017 849 1189 911 sanitatem
1219 848 1289 930 ipse

228 960 291 1041 dat,
316 957 442 1023 sanatio
467 961 576 1021 autem
599 954 705 1019 morbi
727 953 855 1017 viribus
879 953 1020 1018 efficitur
1035 954 1160 1018 mediis.
1198 951 1289 1017 Deus

228 1070 278 1130 est
304 1066 322 1133 ὁ
354 1067 504 1155 τροφεύς,
536 1062 685 1132 minister
712 1062 784 1143 ejus
807 1059 906 1146 λόγος
928 1065 977 1126 est
1001 1060 1117 1152 ἰατρὸς
1145 1061 1289 1142 normal)

228 1172 335 1236 Etiam
362 1173 398 1234 in
424 1171 552 1255 legibus
580 1168 696 1233 dandis
724 1167 805 1232 deus
832 1169 929 1233 modo
961 1189 1012 1252 ea,
1049 1189 1133 1254 quae
1165 1169 1291 1252 agenda

228 1281 293 1343 sint
316 1297 467 1362 quaeque
497 1296 564 1340 non
592 1275 725 1360 agenda,
755 1276 956 1360 praeseribit,
988 1277 1044 1342 sed
1071 1279 1142 1360 ipse
1168 1294 1289 1360 poenas

227 1404 294 1448 non
326 1385 423 1448 addin
476 1383 523 1448 Ut
552 1384 588 1447 in
619 1382 809 1466 fragmentis
841 1381 1023 1448 Aristobuli
1054 1386 1113 1448 hos
1149 1383 1289 1466 leghnus

227 1510 356 1556 versus:

333 1591 447 1670 Αὐτὸς
469 1595 497 1658 δ’
520 1593 554 1674 ἐξ
574 1591 719 1676 ἀμαθῶν
742 1594 887 1672 θνητοῖς
914 1601 1016 1659 κακὸν
1040 1593 1099 1661 οὐκ
1128 1595 1290 1660 ἐπιτέλλει

328 1692 551 1784 Ἀνθριόποις
574 1693 666 1778 αὐτῷ
689 1696 723 1760 δὲ
741 1690 838 1782 χάρις
859 1697 914 1761 καὶ
935 1707 1033 1780 μῖσος
1054 1693 1171 1776 ὀπηδεῖ
1255 1737 1258 1744 .

334 1799 405 1863 Καὶ
426 1794 571 1883 πολεμδς
591 1798 647 1863 καὶ
668 1794 784 1880 λοιμὸς
805 1799 848 1862 ὶδ’
871 1794 973 1881 ἄλγεα
993 1794 1206 1886 δακρυόεντα,

228 1924 269 1968 ex
298 1902 419 1987 quibus
451 1906 591 1987 apparel,
623 1901 721 1964 deum
751 1906 881 1986 propter
911 1904 1089 1969 bonitatem
1118 1906 1154 1967 in
1184 1905 1289 1988 ipsius

227 2014 345 2074 natura
375 2011 515 2094 positam
544 2006 732 2072 hominibus
764 2009 846 2072 nihil
875 2012 959 2076 mali
991 2012 1066 2076 dare
1097 2030 1206 2095 posse,
1242 2012 1289 2075 sio

227 2117 314 2202 apud
337 2115 508 2180 Philonem
530 2115 728 2179 muletarum
751 2115 848 2182 dictio
875 2125 941 2187 τῶν
962 2122 1134 2209 ὑπηρετῶν
1152 2123 1207 2187 καὶ
1232 2119 1287 2187 ὑπ.

227 2225 344 2316 ἄρχων,
366 2222 526 2306 imprimis
547 2228 606 2304 τῆς
623 2225 722 2304 δίκης,
739 2243 823 2306 quae
840 2228 964 2290 malum
980 2228 1056 2310 odit,
1071 2234 1120 2293 esi
1135 2227 1288 2309 officium,

227 2352 303 2396 nam
334 2331 415 2394 deus
442 2328 513 2412 ipse
541 2333 589 2393 osi
619 2329 780 2420 πρύτανις
802 2340 861 2415 τῆς
882 2335 1010 2424 εἰρήνης
1037 2339 1068 2398 ei
1099 2337 1169 2418 ejus
1201 2335 1287 2398 servi

227 2445 305 2503 suni
335 2436 492 2525 ἡγεμόνες
513 2439 704 2524 πολέμιον’)
752 2439 782 2504 Α
810 2441 869 2505 deo
899 2445 970 2527 ipso
997 2443 1145 2506 homines
1175 2441 1288 2525 puniri

226 2566 292 2610 non
314 2565 419 2631 posse,
441 2543 535 2608 Philo
559 2563 601 2608 ex
622 2545 703 2610 loois
720 2545 798 2610 (len.
822 2547 949 2634 XVHI,
973 2553 1006 2614 2:
1032 2555 1087 2619 καὶ
1110 2548 1183 2618 ὶδοὺ
1201 2559 1288 2639 τρεῖς

226 2654 343 2742 ἄνδρες
364 2650 573 2735 εὶστήκεισαν
594 2652 703 2721 ὲπόνω
725 2654 831 2724 αὐτοῦ
854 2662 885 2721 ei
904 2657 983 2722 Gen.
1007 2658 1100 2742 XIX,
1117 2661 1149 2722 1:
1174 2652 1288 2740 ἦλθον

228 2766 262 2830 δὲ
284 2769 316 2830 οἱ
338 2761 396 2831 δύο
419 2761 553 2848 ἄγγελοι
575 2773 620 2842 εὶς
638 2762 782 2851 Σόδομα
801 2763 999 2830 demonstrat
1017 2771 1049 2830 et
1067 2766 1158 2830 dicit:
1184 2775 1287 2836 ἐκεῖνο

225 2863 427 2952 βουλόμενος
447 2871 668 2954 παραστῆναι,
696 2865 751 2934 ότι
774 2873 842 2937 τῶν
865 2873 966 2958 τριῶν
995 2868 1038 2946 ὡς
1065 2865 1195 2958 όνδρῶν
1224 2878 1287 2937 ἑπι-

227 2974 401 3060 φανέντων
426 2971 471 3051 τῷ
499 2972 604 3056 σοφῷ,
632 2968 690 3034 δύο
716 2967 839 3055 μόνους
868 2977 914 3047 εἰς
942 2967 1004 3052 τὴν
1033 2968 1288 3062 ιἰςοανισθεῖσαν

222 3069 334 3160 χώραν
357 3067 400 3136 τὰ
421 3066 517 3164 λόγιό
539 3093 643 3161 φησιν
665 3077 780 3141 ἐλθεῖν
795 3074 844 3141 ἐπ’
863 3070 997 3162 ὀλέθρῳ
1013 3077 1080 3138 τῶν
1095 3072 1287 3162 οἰκητόρων,

227 3183 288 3245 τοῦ
315 3181 432 3264 τρίτου
458 3174 504 3262 μὴ
533 3177 773 3260 δικαιώσαντες
802 3180 929 3262 aaaron)
979 3177 1032 3242 Ex
1062 3178 1168 3244 tribus
1198 3181 1287 3263 virio,

129 3313 132 3318 Δ
227 3286 285 3368 qui
313 3283 477 3367 quondam
506 3291 727 3368 apparuerunt
749 3288 944 3370 Abrahamo,
972 3286 1037 3350 duo
1065 3286 1160 3349 modo
1188 3286 1286 3350 Sodo-

225 3412 312 3455 mam
334 3395 563 3475 perveneruni,
585 3411 661 3456 nam
684 3397 788 3479 tertio,
812 3396 870 3480 qui
896 3397 966 3458 erat
988 3387 1092 3469 ὁὮν,
1120 3380 1187 3455 non
1210 3413 1286 3456 oon·
1355 3431 1356 3436 κ

224 3498 383 3562 veniebat.
429 3498 587 3582 Angelus,
610 3501 668 3584 qui
691 3499 863 3565 Sodomam
887 3501 997 3584 diruit,
1020 3498 1118 3585 λόγος
1141 3504 1197 3563 esi.

313 3604 405 3669 Tales
441 3605 595 3693 δυνάμεις
628 3627 695 3671 non
729 3608 824 3671 modo
860 3614 990 3693 propter
1020 3607 1197 3670 bonitatem
1229 3626 1286 3670 ex-

225 3714 467 3796 celsitatemque
493 3714 561 3796 dei,
593 3713 650 3778 sed
680 3716 776 3778 etiam
803 3720 932 3800 propter
962 3715 1125 3779 hominem
1149 3716 1286 3798 ejusque

225 3820 445 3884 infirmitatem
468 3823 589 3886 exoriri
612 3840 744 3886 necesse
768 3826 844 3886 erat.
889 3821 1065 3886 Hominem
1084 3821 1212 3904 justum
1230 3820 1285 3884 ad·
1419 3830 1420 3834 ’

300 4107 303 4111 ·
332 4091 359 4161 1)
377 4091 417 4146 1)ο
431 4092 500 4160 prof.
519 4091 540 4161 I,
554 4091 614 4146 556.

331 4181 358 4250 2)
377 4181 417 4235 De
436 4180 518 4234 deoal.
537 4180 646 4249 11,208.

331 4267 359 4339 3)
377 4269 417 4324 De
436 4269 499 4326 abr.
517 4271 533 4340 ᾖ
551 4268 593 4324 28.
