<?xml version="1.0" encoding="UTF-8"?>
<!DOCTYPE html PUBLIC "-//W3C//DTD XHTML 1.0 Transitional//EN"
    "http://www.w3.org/TR/xhtml1/DTD/xhtml1-transitional.dtd">
<html xmlns="http://www.w3.org/1999/xhtml" xml:lang="en" lang="en">
 <head>
  <title>
</title>
<meta http-equiv="Content-Type" content="text/html;charset=utf-8" />
  <meta name='ocr-system' content='tesseract 3.04.00' />
  <meta name='ocr-capabilities' content='ocr_page ocr_carea ocr_par ocr_line ocrx_word'/>
</head>
<body>
  <div class='ocr_page' id='page_1' title='image "./dephilonisjudae00harngoog_0043.png"; bbox 0 0 3260 5206; ppageno 0'>
   <div class='ocr_carea' id='block_1_1' title="bbox 890 483 933 546">
    <p class='ocr_par' dir='ltr' id='par_1_1' title="bbox 890 483 933 546">
     <span class='ocr_line' id='line_1_1' title="bbox 890 483 933 546; baseline 0 0"><span class='ocrx_word' id='word_1_1' title='bbox 890 483 933 546; x_wconf 80' lang='lat'>34</span> 
     </span>
    </p>
   </div>
   <div class='ocr_carea' id='block_1_2' title="bbox 377 677 1445 975">
    <p class='ocr_par' dir='ltr' id='par_1_2' title="bbox 377 677 1445 975">
     <span class='ocr_line' id='line_1_2' title="bbox 377 677 1444 765; baseline 0.006 -27"><span class='ocrx_word' id='word_1_2' title='bbox 377 677 543 739; x_wconf 83' lang='lat' dir='ltr'>maximus</span> <span class='ocrx_word' id='word_1_3' title='bbox 559 681 608 741; x_wconf 78' lang='lat' dir='ltr'>esi</span> <span class='ocrx_word' id='word_1_4' title='bbox 623 679 780 760; x_wconf 85' lang='lat' dir='ltr'>omnium,</span> <span class='ocrx_word' id='word_1_5' title='bbox 804 696 889 761; x_wconf 85' lang='lat' dir='ltr'>quae</span> <span class='ocrx_word' id='word_1_6' title='bbox 904 681 1018 743; x_wconf 83' lang='lat' dir='ltr'>exorta</span> <span class='ocrx_word' id='word_1_7' title='bbox 1037 697 1078 741; x_wconf 83' lang='lat' dir='ltr'>su</span> <span class='ocrx_word' id='word_1_8' title='bbox 1101 678 1150 761; x_wconf 55' lang='grc' dir='ltr'>τι)</span> <span class='ocrx_word' id='word_1_9' title='bbox 1194 681 1313 758; x_wconf 74' lang='grc' dir='ltr'><strong><em>Ελκών,</em></strong></span> <span class='ocrx_word' id='word_1_10' title='bbox 1337 682 1444 765; x_wconf 82' lang='lat' dir='ltr'>imago</span> 
     </span>
     <span class='ocr_line' id='line_1_3' title="bbox 377 781 1445 869; baseline 0.006 -25"><span class='ocrx_word' id='word_1_11' title='bbox 377 781 429 846; x_wconf 88' lang='lat' dir='ltr'>dei</span> <span class='ocrx_word' id='word_1_12' title='bbox 456 786 602 866; x_wconf 81' lang='lat' dir='ltr'>vocatur,</span> <span class='ocrx_word' id='word_1_13' title='bbox 630 784 718 868; x_wconf 84' lang='lat' dir='ltr'>quod</span> <span class='ocrx_word' id='word_1_14' title='bbox 741 783 836 848; x_wconf 83' lang='lat' dir='ltr'>Philo</span> <span class='ocrx_word' id='word_1_15' title='bbox 864 801 906 846; x_wconf 85' lang='lat' dir='ltr'>ex</span> <span class='ocrx_word' id='word_1_16' title='bbox 933 784 1003 847; x_wconf 84' lang='lat' dir='ltr'>loco</span> <span class='ocrx_word' id='word_1_17' title='bbox 1028 782 1165 849; x_wconf 80' lang='lat' dir='ltr'><strong>Genesis</strong></span> <span class='ocrx_word' id='word_1_18' title='bbox 1187 785 1214 868; x_wconf 84' lang='grc' dir='ltr'>Ι,</span> <span class='ocrx_word' id='word_1_19' title='bbox 1238 787 1291 869; x_wconf 80' lang='grc'>27,</span> <span class='ocrx_word' id='word_1_20' title='bbox 1316 785 1376 850; x_wconf 90' lang='lat' dir='ltr'>ubi</span> <span class='ocrx_word' id='word_1_21' title='bbox 1403 786 1445 851; x_wconf 91' lang='lat' dir='ltr'>de</span> 
     </span>
     <span class='ocr_line' id='line_1_4' title="bbox 377 889 1443 975; baseline 0.003 -23"><span class='ocrx_word' id='word_1_22' title='bbox 377 889 540 953; x_wconf 83' lang='lat' dir='ltr'>creatione</span> <span class='ocrx_word' id='word_1_23' title='bbox 555 890 697 954; x_wconf 81' lang='lat' dir='ltr'>hominis</span> <span class='ocrx_word' id='word_1_24' title='bbox 717 891 835 974; x_wconf 67' lang='lat' dir='ltr'>agitem,</span> <span class='ocrx_word' id='word_1_25' title='bbox 857 890 1066 975; x_wconf 86' lang='lat' dir='ltr'>comprobare</span> <span class='ocrx_word' id='word_1_26' title='bbox 1084 891 1165 956; x_wconf 79' lang='lat' dir='ltr'><strong>vult.</strong></span> <span class='ocrx_word' id='word_1_27' title='bbox 1212 891 1312 969; x_wconf 75' lang='lat' dir='ltr'>iilum</span> <span class='ocrx_word' id='word_1_28' title='bbox 1331 893 1443 957; x_wconf 82' lang='lat' dir='ltr'>locum</span> 
     </span>
    </p>
   </div>
   <div class='ocr_carea' id='block_1_3' title="bbox 375 998 1445 1310">
    <p class='ocr_par' dir='ltr' id='par_1_3' title="bbox 375 998 1445 1310">
     <span class='ocr_line' id='line_1_5' title="bbox 376 998 1445 1148; baseline 0.001 -2"><span class='ocrx_word' id='word_1_29' title='bbox 376 1039 469 1146; x_wconf 68' lang='lat' dir='ltr'>ror</span> <span class='ocrx_word' id='word_1_30' title='bbox 490 999 633 1147; x_wconf 64' lang='lat' dir='ltr'>onir</span> <span class='ocrx_word' id='word_1_31' title='bbox 647 998 758 1148; x_wconf 59' lang='lat' dir='ltr'>aar</span> <span class='ocrx_word' id='word_1_32' title='bbox 780 1000 906 1147; x_wconf 69' lang='lat' dir='ltr'>rim</span> <span class='ocrx_word' id='word_1_33' title='bbox 932 1038 1142 1147; x_wconf 66' lang='lat' dir='ltr'>norom</span> <span class='ocrx_word' id='word_1_34' title='bbox 1165 1001 1299 1148; x_wconf 65' lang='grc' dir='ltr'>νου</span> <span class='ocrx_word' id='word_1_35' title='bbox 1325 1041 1445 1148; x_wconf 69' lang='lat' dir='ltr'>ren</span> 
     </span>
     <span class='ocr_line' id='line_1_6' title="bbox 375 1183 1445 1310; baseline 0.003 -59"><span class='ocrx_word' id='word_1_36' title='bbox 375 1183 453 1310; x_wconf 50' lang='lat' dir='ltr'>iq&amp;</span> <span class='ocrx_word' id='word_1_37' title='bbox 481 1183 577 1249; x_wconf 86' lang='lat' dir='ltr'>LXX</span> <span class='ocrx_word' id='word_1_38' title='bbox 603 1186 805 1271; x_wconf 80' lang='lat' dir='ltr'>interpretati</span> <span class='ocrx_word' id='word_1_39' title='bbox 832 1192 923 1252; x_wconf 84' lang='lat' dir='ltr'>sunt:</span> <span class='ocrx_word' id='word_1_40' title='bbox 961 1192 1017 1255; x_wconf 87' lang='grc' dir='ltr'>καὶ</span> <span class='ocrx_word' id='word_1_41' title='bbox 1045 1190 1198 1267; x_wconf 80' lang='grc' dir='ltr'><strong><em>ἐποίησεν</em></strong></span> <span class='ocrx_word' id='word_1_42' title='bbox 1224 1188 1243 1255; x_wconf 87' lang='grc' dir='ltr'>ὁ</span> <span class='ocrx_word' id='word_1_43' title='bbox 1269 1186 1354 1266; x_wconf 74' lang='grc' dir='ltr'><strong><em>θεὸς</em></strong></span> <span class='ocrx_word' id='word_1_44' title='bbox 1384 1192 1445 1255; x_wconf 90' lang='grc' dir='ltr'>τὸν</span> 
     </span>
    </p>
   </div>
   <div class='ocr_carea' id='block_1_4' title="bbox 348 1343 1446 3759">
    <p class='ocr_par' dir='ltr' id='par_1_4' title="bbox 377 1343 1446 2074">
     <span class='ocr_line' id='line_1_7' title="bbox 377 1343 1446 1436; baseline -0.005 -24"><span class='ocrx_word' id='word_1_45' title='bbox 377 1345 572 1436; x_wconf 77' lang='grc' dir='ltr'><strong><em>ἄνθρωπον,</em></strong></span> <span class='ocrx_word' id='word_1_46' title='bbox 595 1346 668 1411; x_wconf 87' lang='grc' dir='ltr'><strong><em>κατ’</em></strong></span> <span class='ocrx_word' id='word_1_47' title='bbox 696 1343 806 1413; x_wconf 77' lang='grc' dir='ltr'><strong><em>ελκόνα</em></strong></span> <span class='ocrx_word' id='word_1_48' title='bbox 822 1349 909 1415; x_wconf 77' lang='grc' dir='ltr'><strong><em>θεοῦ</em></strong></span> <span class='ocrx_word' id='word_1_49' title='bbox 924 1350 1076 1428; x_wconf 64' lang='grc' dir='ltr'><strong><em>ἐποίησεν</em></strong></span> <span class='ocrx_word' id='word_1_50' title='bbox 1098 1347 1210 1418; x_wconf 78' lang='grc' dir='ltr'><strong><em>αὐτόν.</em></strong></span> <span class='ocrx_word' id='word_1_51' title='bbox 1256 1344 1368 1422; x_wconf 78' lang='lat' dir='ltr'>Quum</span> <span class='ocrx_word' id='word_1_52' title='bbox 1384 1346 1446 1409; x_wconf 84' lang='lat' dir='ltr'>hae</span> 
     </span>
     <span class='ocr_line' id='line_1_8' title="bbox 377 1454 1446 1540; baseline 0.005 -24"><span class='ocrx_word' id='word_1_53' title='bbox 377 1455 413 1517; x_wconf 90' lang='lat' dir='ltr'>in</span> <span class='ocrx_word' id='word_1_54' title='bbox 435 1454 586 1518; x_wconf 81' lang='lat' dir='ltr'>versione</span> <span class='ocrx_word' id='word_1_55' title='bbox 609 1470 677 1515; x_wconf 90' lang='lat' dir='ltr'>non</span> <span class='ocrx_word' id='word_1_56' title='bbox 700 1455 785 1516; x_wconf 82' lang='lat' dir='ltr'>esset</span> <span class='ocrx_word' id='word_1_57' title='bbox 815 1455 973 1538; x_wconf 85' lang='lat' dir='ltr'>scriptum</span> <span class='ocrx_word' id='word_1_58' title='bbox 1002 1455 1163 1540; x_wconf 80' lang='grc' dir='ltr'><strong><em>,,εὶκόνα“,</em></strong></span> <span class='ocrx_word' id='word_1_59' title='bbox 1194 1456 1252 1521; x_wconf 83' lang='lat' dir='ltr'>sed</span> <span class='ocrx_word' id='word_1_60' title='bbox 1280 1458 1374 1540; x_wconf 87' lang='grc' dir='ltr'><strong><em>,,κατ’</em></strong></span> <span class='ocrx_word' id='word_1_61' title='bbox 1406 1462 1446 1521; x_wconf 88' lang='grc' dir='ltr'><strong><em>εὶ-</em></strong></span> 
     </span>
     <span class='ocr_line' id='line_1_9' title="bbox 377 1557 1445 1648; baseline -0.004 -18"><span class='ocrx_word' id='word_1_62' title='bbox 377 1560 496 1640; x_wconf 83' lang='grc' dir='ltr'><strong><em>κόνα“,</em></strong></span> <span class='ocrx_word' id='word_1_63' title='bbox 535 1557 629 1622; x_wconf 89' lang='lat' dir='ltr'>Philo</span> <span class='ocrx_word' id='word_1_64' title='bbox 658 1558 835 1636; x_wconf 51' lang='lat' dir='ltr'>¹hominem</span> <span class='ocrx_word' id='word_1_65' title='bbox 874 1580 942 1625; x_wconf 93' lang='lat' dir='ltr'>non</span> <span class='ocrx_word' id='word_1_66' title='bbox 981 1562 1158 1648; x_wconf 84' lang='lat' dir='ltr'>imaginem</span> <span class='ocrx_word' id='word_1_67' title='bbox 1199 1563 1269 1645; x_wconf 86' lang='lat' dir='ltr'>dei,</span> <span class='ocrx_word' id='word_1_68' title='bbox 1308 1562 1364 1627; x_wconf 85' lang='lat' dir='ltr'>sed</span> <span class='ocrx_word' id='word_1_69' title='bbox 1402 1561 1445 1626; x_wconf 87' lang='lat' dir='ltr'>ad</span> 
     </span>
     <span class='ocr_line' id='line_1_10' title="bbox 378 1665 1444 1756; baseline 0.004 -24"><span class='ocrx_word' id='word_1_70' title='bbox 378 1667 544 1753; x_wconf 84' lang='lat' dir='ltr'>quandem</span> <span class='ocrx_word' id='word_1_71' title='bbox 569 1665 621 1731; x_wconf 90' lang='lat' dir='ltr'>dei</span> <span class='ocrx_word' id='word_1_72' title='bbox 643 1668 830 1753; x_wconf 82' lang='lat' dir='ltr'>imaginem,</span> <span class='ocrx_word' id='word_1_73' title='bbox 852 1670 1024 1752; x_wconf 85' lang='lat' dir='ltr'>quaejam</span> <span class='ocrx_word' id='word_1_74' title='bbox 1046 1670 1082 1734; x_wconf 87' lang='lat' dir='ltr'>in</span> <span class='ocrx_word' id='word_1_75' title='bbox 1105 1669 1193 1756; x_wconf 87' lang='grc' dir='ltr'><strong><em>λόγῳ</em></strong></span> <span class='ocrx_word' id='word_1_76' title='bbox 1216 1673 1290 1734; x_wconf 82' lang='lat' dir='ltr'>ante</span> <span class='ocrx_word' id='word_1_77' title='bbox 1309 1669 1444 1736; x_wconf 83' lang='lat' dir='ltr'>creatio·</span> 
     </span>
     <span class='ocr_line' id='line_1_11' title="bbox 377 1773 1445 1863; baseline -0.002 -22"><span class='ocrx_word' id='word_1_78' title='bbox 377 1795 453 1841; x_wconf 89' lang='lat' dir='ltr'>nem</span> <span class='ocrx_word' id='word_1_79' title='bbox 484 1773 600 1838; x_wconf 89' lang='lat' dir='ltr'>mundi</span> <span class='ocrx_word' id='word_1_80' title='bbox 637 1778 735 1860; x_wconf 84' lang='lat' dir='ltr'>atque</span> <span class='ocrx_word' id='word_1_81' title='bbox 768 1775 909 1840; x_wconf 86' lang='lat' dir='ltr'>hominis</span> <span class='ocrx_word' id='word_1_82' title='bbox 941 1778 1036 1859; x_wconf 84' lang='lat' dir='ltr'>quasi</span> <span class='ocrx_word' id='word_1_83' title='bbox 1072 1777 1238 1863; x_wconf 85' lang='lat' dir='ltr'>exemplar</span> <span class='ocrx_word' id='word_1_84' title='bbox 1263 1793 1445 1859; x_wconf 87' lang='lat' dir='ltr'>normaque</span> 
     </span>
     <span class='ocr_line' id='line_1_12' title="bbox 379 1879 1445 1973; baseline -0.006 -22"><span class='ocrx_word' id='word_1_85' title='bbox 379 1881 613 1973; x_wconf 78' lang='grc' dir='ltr'><strong><em>(παράδειγμα,</em></strong></span> <span class='ocrx_word' id='word_1_86' title='bbox 636 1879 820 1969; x_wconf 80' lang='grc' dir='ltr'><strong><em>ἁρχέτυπος</em></strong></span> <span class='ocrx_word' id='word_1_87' title='bbox 841 1885 920 1960; x_wconf 67' lang='lat' dir='ltr'>reia,</span> <span class='ocrx_word' id='word_1_88' title='bbox 943 1882 1144 1970; x_wconf 82' lang='grc' dir='ltr'><strong><em>ἀρχέτυπον)</em></strong></span> <span class='ocrx_word' id='word_1_89' title='bbox 1169 1883 1317 1950; x_wconf 87' lang='lat' dir='ltr'>omnium</span> <span class='ocrx_word' id='word_1_90' title='bbox 1332 1901 1445 1946; x_wconf 81' lang='lat' dir='ltr'>erean-</span> 
     </span>
     <span class='ocr_line' id='line_1_13' title="bbox 382 1986 1095 2074; baseline -0.004 -18"><span class='ocrx_word' id='word_1_91' title='bbox 382 1992 499 2056; x_wconf 88' lang='lat' dir='ltr'>dorum</span> <span class='ocrx_word' id='word_1_92' title='bbox 522 1989 642 2071; x_wconf 74' lang='lat' dir='ltr'>aderat,</span> <span class='ocrx_word' id='word_1_93' title='bbox 664 1986 787 2053; x_wconf 81' lang='lat' dir='ltr'>fectum</span> <span class='ocrx_word' id='word_1_94' title='bbox 811 2007 882 2054; x_wconf 86' lang='lat' dir='ltr'>esse</span> <span class='ocrx_word' id='word_1_95' title='bbox 901 1987 1095 2074; x_wconf 55' lang='lat' dir='ltr'>judicaviif)</span> 
     </span>
    </p>

    <p class='ocr_par' dir='ltr' id='par_1_5' title="bbox 348 2089 1446 3759">
     <span class='ocr_line' id='line_1_14' title="bbox 465 2089 1445 2185; baseline -0.004 -23"><span class='ocrx_word' id='word_1_96' title='bbox 465 2097 568 2162; x_wconf 91' lang='lat' dir='ltr'>Porro</span> <span class='ocrx_word' id='word_1_97' title='bbox 602 2095 700 2182; x_wconf 84' lang='grc' dir='ltr'><strong><em>λόγος</em></strong></span> <span class='ocrx_word' id='word_1_98' title='bbox 730 2101 867 2161; x_wconf 85' lang='lat' dir='ltr'>vooeiur</span> <span class='ocrx_word' id='word_1_99' title='bbox 898 2096 950 2162; x_wconf 88' lang='lat' dir='ltr'>dei</span> <span class='ocrx_word' id='word_1_100' title='bbox 981 2096 1103 2185; x_wconf 83' lang='grc' dir='ltr'><strong><em>ὄνομα,</em></strong></span> <span class='ocrx_word' id='word_1_101' title='bbox 1139 2089 1361 2162; x_wconf 84' lang='lat' dir='ltr'>velamentum</span> <span class='ocrx_word' id='word_1_102' title='bbox 1392 2095 1445 2159; x_wconf 89' lang='lat' dir='ltr'>vel</span> 
     </span>
     <span class='ocr_line' id='line_1_15' title="bbox 378 2201 1445 2290; baseline -0.005 -21"><span class='ocrx_word' id='word_1_103' title='bbox 378 2205 504 2270; x_wconf 77' lang='lat' dir='ltr'>domus,</span> <span class='ocrx_word' id='word_1_104' title='bbox 551 2203 668 2290; x_wconf 91' lang='grc' dir='ltr'><strong><em>Λόγον</em></strong></span> <span class='ocrx_word' id='word_1_105' title='bbox 699 2203 752 2268; x_wconf 90' lang='lat' dir='ltr'>dei</span> <span class='ocrx_word' id='word_1_106' title='bbox 781 2223 853 2268; x_wconf 87' lang='lat' dir='ltr'>esse</span> <span class='ocrx_word' id='word_1_107' title='bbox 882 2223 1012 2288; x_wconf 76' lang='lat' dir='ltr'>nomen,</span> <span class='ocrx_word' id='word_1_108' title='bbox 1042 2205 1137 2270; x_wconf 85' lang='lat' dir='ltr'>Philo</span> <span class='ocrx_word' id='word_1_109' title='bbox 1168 2224 1211 2269; x_wconf 85' lang='lat' dir='ltr'>ex</span> <span class='ocrx_word' id='word_1_110' title='bbox 1241 2205 1312 2268; x_wconf 84' lang='lat' dir='ltr'>loeo</span> <span class='ocrx_word' id='word_1_111' title='bbox 1340 2201 1445 2266; x_wconf 80' lang='lat' dir='ltr'>Exod.</span> 
     </span>
     <span class='ocr_line' id='line_1_16' title="bbox 375 2309 1444 2398; baseline -0.005 -21"><span class='ocrx_word' id='word_1_112' title='bbox 375 2311 505 2396; x_wconf 82' lang='grc' dir='ltr'>ΧΧΠῚ,</span> <span class='ocrx_word' id='word_1_113' title='bbox 528 2314 580 2397; x_wconf 84' lang='lat'>20,</span> <span class='ocrx_word' id='word_1_114' title='bbox 600 2310 858 2396; x_wconf 77' lang='lat' dir='ltr'>‘2100mpr0bat‚</span> <span class='ocrx_word' id='word_1_115' title='bbox 879 2310 938 2376; x_wconf 89' lang='lat' dir='ltr'>ubi</span> <span class='ocrx_word' id='word_1_116' title='bbox 954 2311 1036 2379; x_wconf 83' lang='lat' dir='ltr'>deus</span> <span class='ocrx_word' id='word_1_117' title='bbox 1051 2311 1172 2398; x_wconf 84' lang='lat' dir='ltr'>populo</span> <span class='ocrx_word' id='word_1_118' title='bbox 1187 2309 1328 2376; x_wconf 85' lang='lat' dir='ltr'>Judaioo</span> <span class='ocrx_word' id='word_1_119' title='bbox 1348 2309 1444 2374; x_wconf 80' lang='lat' dir='ltr'>dicit:</span> 
     </span>
     <span class='ocr_line' id='line_1_17' title="bbox 376 2409 1446 2502; baseline -0.003 -21"><span class='ocrx_word' id='word_1_120' title='bbox 376 2419 432 2481; x_wconf 87' lang='grc' dir='ltr'>καὶ</span> <span class='ocrx_word' id='word_1_121' title='bbox 455 2413 528 2482; x_wconf 63' lang='lat' dir='ltr'>ibor)</span> <span class='ocrx_word' id='word_1_122' title='bbox 549 2413 611 2500; x_wconf 82' lang='grc' dir='ltr'>ὲγώ</span> <span class='ocrx_word' id='word_1_123' title='bbox 630 2413 824 2482; x_wconf 78' lang='grc' dir='ltr'><strong><em>ἀποστέλλω</em></strong></span> <span class='ocrx_word' id='word_1_124' title='bbox 850 2410 910 2481; x_wconf 86' lang='grc' dir='ltr'>τὸν</span> <span class='ocrx_word' id='word_1_125' title='bbox 925 2411 1067 2499; x_wconf 77' lang='grc' dir='ltr'><strong><em>ἄγγελόν</em></strong></span> <span class='ocrx_word' id='word_1_126' title='bbox 1088 2440 1154 2501; x_wconf 83' lang='grc' dir='ltr'>μου</span> <span class='ocrx_word' id='word_1_127' title='bbox 1176 2413 1242 2501; x_wconf 88' lang='grc' dir='ltr'>πρὸ</span> <span class='ocrx_word' id='word_1_128' title='bbox 1264 2409 1446 2502; x_wconf 77' lang='grc' dir='ltr'><strong><em>προσώπου</em></strong></span> 
     </span>
     <span class='ocr_line' id='line_1_18' title="bbox 348 2511 1446 2610; baseline -0.003 -27"><span class='ocrx_word' id='word_1_129' title='bbox 348 2572 349 2576; x_wconf 65' lang='lat'>,</span> <span class='ocrx_word' id='word_1_130' title='bbox 378 2539 447 2595; x_wconf 87' lang='grc' dir='ltr'><strong><em>σου,</em></strong></span> <span class='ocrx_word' id='word_1_131' title='bbox 480 2522 534 2583; x_wconf 85' lang='grc' dir='ltr'>ἵνα</span> <span class='ocrx_word' id='word_1_132' title='bbox 556 2515 685 2610; x_wconf 72' lang='grc' dir='ltr'><strong><em>φυλάξῃ</em></strong></span> <span class='ocrx_word' id='word_1_133' title='bbox 707 2540 744 2583; x_wconf 96' lang='grc' dir='ltr'><strong><em>σε</em></strong></span> <span class='ocrx_word' id='word_1_134' title='bbox 766 2523 800 2582; x_wconf 79' lang='grc' dir='ltr'>ὲν</span> <span class='ocrx_word' id='word_1_135' title='bbox 823 2520 864 2606; x_wconf 78' lang='grc' dir='ltr'>τῇ</span> <span class='ocrx_word' id='word_1_136' title='bbox 886 2516 952 2602; x_wconf 75' lang='grc' dir='ltr'>ὁδῷ</span> <span class='ocrx_word' id='word_1_137' title='bbox 975 2567 1130 2585; x_wconf 88' lang='grc'><strong>.......</strong></span> <span class='ocrx_word' id='word_1_138' title='bbox 1153 2511 1293 2605; x_wconf 80' lang='grc' dir='ltr'><strong><em>πρόσεχε</em></strong></span> <span class='ocrx_word' id='word_1_139' title='bbox 1317 2516 1446 2598; x_wconf 80' lang='grc' dir='ltr'><strong><em>σεαυτῷ</em></strong></span> 
     </span>
     <span class='ocr_line' id='line_1_19' title="bbox 377 2613 1445 2706; baseline -0.002 -22"><span class='ocrx_word' id='word_1_140' title='bbox 377 2621 432 2685; x_wconf 87' lang='grc' dir='ltr'>καὶ</span> <span class='ocrx_word' id='word_1_141' title='bbox 455 2616 605 2687; x_wconf 77' lang='grc' dir='ltr'><strong><em>εἰσόκονε</em></strong></span> <span class='ocrx_word' id='word_1_142' title='bbox 621 2618 726 2686; x_wconf 76' lang='grc' dir='ltr'><strong><em>αὐτοῦ</em></strong></span> <span class='ocrx_word' id='word_1_143' title='bbox 747 2621 804 2686; x_wconf 88' lang='grc' dir='ltr'>καὶ</span> <span class='ocrx_word' id='word_1_144' title='bbox 825 2616 871 2704; x_wconf 84' lang='grc' dir='ltr'>μὴ</span> <span class='ocrx_word' id='word_1_145' title='bbox 886 2617 1027 2687; x_wconf 56' lang='lat' dir='ltr'>&amp;aalma</span> <span class='ocrx_word' id='word_1_146' title='bbox 1041 2618 1146 2705; x_wconf 67' lang='grc' dir='ltr'><strong><em>αὐτᾷ,</em></strong></span> <span class='ocrx_word' id='word_1_147' title='bbox 1169 2615 1210 2687; x_wconf 84' lang='grc' dir='ltr'>οὐ</span> <span class='ocrx_word' id='word_1_148' title='bbox 1223 2614 1287 2706; x_wconf 80' lang='grc' dir='ltr'>γὰρ</span> <span class='ocrx_word' id='word_1_149' title='bbox 1302 2613 1348 2703; x_wconf 86' lang='grc' dir='ltr'>μὴ</span> <span class='ocrx_word' id='word_1_150' title='bbox 1362 2616 1445 2683; x_wconf 81' lang='grc' dir='ltr'><strong><em>ὑπο-</em></strong></span> 
     </span>
     <span class='ocr_line' id='line_1_20' title="bbox 380 2720 1446 2813; baseline -0.004 -19"><span class='ocrx_word' id='word_1_151' title='bbox 380 2730 553 2808; x_wconf 82' lang='grc' dir='ltr'><strong><em>στείληταί</em></strong></span> <span class='ocrx_word' id='word_1_152' title='bbox 581 2747 627 2795; x_wconf 87' lang='grc' dir='ltr'><strong><em>σε·</em></strong></span> <span class='ocrx_word' id='word_1_153' title='bbox 658 2721 785 2813; x_wconf 81' lang='grc' dir='ltr'><strong><em>τὸγὰρ</em></strong></span> <span class='ocrx_word' id='word_1_154' title='bbox 813 2721 920 2811; x_wconf 80' lang='grc' dir='ltr'><strong><em>ὄνομά</em></strong></span> <span class='ocrx_word' id='word_1_155' title='bbox 945 2725 1012 2812; x_wconf 82' lang='grc' dir='ltr'>μού</span> <span class='ocrx_word' id='word_1_156' title='bbox 1039 2735 1132 2795; x_wconf 74' lang='grc' dir='ltr'><strong><em>ἐστιν</em></strong></span> <span class='ocrx_word' id='word_1_157' title='bbox 1157 2729 1206 2793; x_wconf 73' lang='grc' dir='ltr'>ἐπ’</span> <span class='ocrx_word' id='word_1_158' title='bbox 1235 2721 1336 2809; x_wconf 79' lang='grc' dir='ltr'><strong><em>αὐτῷ.</em></strong></span> <span class='ocrx_word' id='word_1_159' title='bbox 1382 2720 1446 2786; x_wconf 83' lang='lat' dir='ltr'>Dei</span> 
     </span>
     <span class='ocr_line' id='line_1_21' title="bbox 377 2831 1441 2919; baseline -0.008 -19"><span class='ocrx_word' id='word_1_160' title='bbox 377 2833 476 2919; x_wconf 80' lang='grc' dir='ltr'><strong><em>λόγος</em></strong></span> <span class='ocrx_word' id='word_1_161' title='bbox 498 2832 615 2899; x_wconf 83' lang='lat' dir='ltr'>domus</span> <span class='ocrx_word' id='word_1_162' title='bbox 638 2837 697 2916; x_wconf 86' lang='lat' dir='ltr'>est,</span> <span class='ocrx_word' id='word_1_163' title='bbox 718 2852 795 2896; x_wconf 86' lang='lat' dir='ltr'>nam</span> <span class='ocrx_word' id='word_1_164' title='bbox 817 2833 854 2894; x_wconf 92' lang='lat' dir='ltr'>in</span> <span class='ocrx_word' id='word_1_165' title='bbox 875 2831 960 2896; x_wconf 87' lang='lat' dir='ltr'>libro</span> <span class='ocrx_word' id='word_1_166' title='bbox 981 2832 1117 2900; x_wconf 78' lang='lat' dir='ltr'>Genesis</span> <span class='ocrx_word' id='word_1_167' title='bbox 1140 2831 1219 2917; x_wconf 83' lang='lat' dir='ltr'>XII,</span> <span class='ocrx_word' id='word_1_168' title='bbox 1243 2833 1260 2894; x_wconf 94' lang='grc'>1</span> <span class='ocrx_word' id='word_1_169' title='bbox 1285 2831 1441 2916; x_wconf 82' lang='lat' dir='ltr'>legimus:</span> 
     </span>
     <span class='ocr_line' id='line_1_22' title="bbox 378 2936 1444 3021; baseline -0.006 -17"><span class='ocrx_word' id='word_1_170' title='bbox 378 2936 495 3019; x_wconf 71' lang='grc' dir='ltr'><strong><em>ἔξελθε</em></strong></span> <span class='ocrx_word' id='word_1_171' title='bbox 517 2944 551 3003; x_wconf 75' lang='grc' dir='ltr'>ἐκ</span> <span class='ocrx_word' id='word_1_172' title='bbox 573 2940 632 3016; x_wconf 82' lang='grc' dir='ltr'>τῆς</span> <span class='ocrx_word' id='word_1_173' title='bbox 652 2939 712 3020; x_wconf 78' lang='grc' dir='ltr'>γῆς</span> <span class='ocrx_word' id='word_1_174' title='bbox 734 2958 803 3012; x_wconf 92' lang='grc' dir='ltr'><strong><em>σου,</em></strong></span> <span class='ocrx_word' id='word_1_175' title='bbox 825 2939 881 3002; x_wconf 85' lang='grc' dir='ltr'>καὶ</span> <span class='ocrx_word' id='word_1_176' title='bbox 903 2944 938 3002; x_wconf 76' lang='grc' dir='ltr'>ἐκ</span> <span class='ocrx_word' id='word_1_177' title='bbox 961 2940 1020 3016; x_wconf 79' lang='grc' dir='ltr'>τῆς</span> <span class='ocrx_word' id='word_1_178' title='bbox 1044 2938 1233 3021; x_wconf 79' lang='grc' dir='ltr'><strong><em>συγγενείας</em></strong></span> <span class='ocrx_word' id='word_1_179' title='bbox 1255 2957 1316 3002; x_wconf 90' lang='grc' dir='ltr'>σον</span> <span class='ocrx_word' id='word_1_180' title='bbox 1338 2936 1394 3000; x_wconf 85' lang='grc' dir='ltr'>καὶ</span> <span class='ocrx_word' id='word_1_181' title='bbox 1408 2939 1444 2998; x_wconf 85' lang='grc' dir='ltr'>ὲκ</span> 
     </span>
     <span class='ocr_line' id='line_1_23' title="bbox 379 3040 1441 3132; baseline -0.009 -21"><span class='ocrx_word' id='word_1_182' title='bbox 379 3049 438 3111; x_wconf 82' lang='grc' dir='ltr'>τοῦ</span> <span class='ocrx_word' id='word_1_183' title='bbox 460 3043 552 3110; x_wconf 79' lang='grc' dir='ltr'><strong><em>ολκον</em></strong></span> <span class='ocrx_word' id='word_1_184' title='bbox 575 3047 636 3110; x_wconf 84' lang='grc' dir='ltr'>τοῦ</span> <span class='ocrx_word' id='word_1_185' title='bbox 657 3040 785 3132; x_wconf 88' lang='grc' dir='ltr'><strong><em>πατρός</em></strong></span> <span class='ocrx_word' id='word_1_186' title='bbox 807 3066 879 3126; x_wconf 76' lang='grc' dir='ltr'><strong><em>σου,</em></strong></span> <span class='ocrx_word' id='word_1_187' title='bbox 896 3041 985 3126; x_wconf 90' lang='lat' dir='ltr'>quod</span> <span class='ocrx_word' id='word_1_188' title='bbox 999 3040 1120 3124; x_wconf 58' lang='lat' dir='ltr'>Phile)</span> <span class='ocrx_word' id='word_1_189' title='bbox 1134 3043 1181 3104; x_wconf 78' lang='lat' dir='ltr'>ita</span> <span class='ocrx_word' id='word_1_190' title='bbox 1195 3042 1441 3126; x_wconf 80' lang='lat' dir='ltr'>interpretatur:</span> 
     </span>
     <span class='ocr_line' id='line_1_24' title="bbox 375 3142 1443 3238; baseline 0 -26"><span class='ocrx_word' id='word_1_191' title='bbox 375 3147 460 3232; x_wconf 75' lang='grc' dir='ltr'>ἡγῇ</span> <span class='ocrx_word' id='word_1_192' title='bbox 483 3168 602 3234; x_wconf 82' lang='lat' dir='ltr'>eorpus</span> <span class='ocrx_word' id='word_1_193' title='bbox 630 3154 691 3234; x_wconf 83' lang='lat' dir='ltr'>est,</span> <span class='ocrx_word' id='word_1_194' title='bbox 724 3151 895 3235; x_wconf 80' lang='grc' dir='ltr'><strong><em>συγγένεια</em></strong></span> <span class='ocrx_word' id='word_1_195' title='bbox 926 3167 1045 3213; x_wconf 81' lang='lat' dir='ltr'>sensus</span> <span class='ocrx_word' id='word_1_196' title='bbox 1077 3153 1169 3232; x_wconf 82' lang='lat' dir='ltr'>sunt,</span> <span class='ocrx_word' id='word_1_197' title='bbox 1199 3157 1327 3238; x_wconf 86' lang='grc' dir='ltr'><strong><em>πατρὸς</em></strong></span> <span class='ocrx_word' id='word_1_198' title='bbox 1351 3142 1443 3224; x_wconf 79' lang='grc' dir='ltr'><strong><em>οἶκος</em></strong></span> 
     </span>
     <span class='ocr_line' id='line_1_25' title="bbox 379 3253 1445 3345; baseline 0.003 -28"><span class='ocrx_word' id='word_1_199' title='bbox 379 3255 524 3319; x_wconf 85' lang='lat' dir='ltr'>humana</span> <span class='ocrx_word' id='word_1_200' title='bbox 547 3260 596 3321; x_wconf 83' lang='lat' dir='ltr'>est</span> <span class='ocrx_word' id='word_1_201' title='bbox 618 3257 711 3340; x_wconf 79' lang='lat' dir='ltr'>ratio,</span> <span class='ocrx_word' id='word_1_202' title='bbox 733 3262 766 3320; x_wconf 88' lang='lat' dir='ltr'>et</span> <span class='ocrx_word' id='word_1_203' title='bbox 788 3257 881 3321; x_wconf 81' lang='lat' dir='ltr'>dicit:</span> <span class='ocrx_word' id='word_1_204' title='bbox 905 3254 1034 3345; x_wconf 86' lang='grc' dir='ltr'><strong><em>πατρὸς</em></strong></span> <span class='ocrx_word' id='word_1_205' title='bbox 1063 3260 1098 3324; x_wconf 77' lang='grc' dir='ltr'>δὲ</span> <span class='ocrx_word' id='word_1_206' title='bbox 1123 3254 1213 3335; x_wconf 81' lang='grc' dir='ltr'><strong><em>οἶκος</em></strong></span> <span class='ocrx_word' id='word_1_207' title='bbox 1244 3255 1356 3342; x_wconf 83' lang='grc' dir='ltr'><strong><em>λόγος,</em></strong></span> <span class='ocrx_word' id='word_1_208' title='bbox 1388 3253 1445 3323; x_wconf 85' lang='grc' dir='ltr'>ὅτι</span> 
     </span>
     <span class='ocr_line' id='line_1_26' title="bbox 379 3357 1445 3449; baseline 0 -25"><span class='ocrx_word' id='word_1_209' title='bbox 379 3357 490 3447; x_wconf 81' lang='grc' dir='ltr'><strong><em>πατὴρ</em></strong></span> <span class='ocrx_word' id='word_1_210' title='bbox 513 3362 574 3442; x_wconf 76' lang='grc' dir='ltr'>μὲν</span> <span class='ocrx_word' id='word_1_211' title='bbox 595 3358 688 3445; x_wconf 83' lang='grc' dir='ltr'><strong><em>ἡμῶν</em></strong></span> <span class='ocrx_word' id='word_1_212' title='bbox 710 3359 728 3427; x_wconf 90' lang='grc' dir='ltr'>ὁ</span> <span class='ocrx_word' id='word_1_213' title='bbox 749 3363 836 3437; x_wconf 83' lang='grc' dir='ltr'><strong><em>νοῦς,</em></strong></span> <span class='ocrx_word' id='word_1_214' title='bbox 858 3363 1001 3449; x_wconf 72' lang='grc' dir='ltr'><strong><em>σπείρων</em></strong></span> <span class='ocrx_word' id='word_1_215' title='bbox 1023 3365 1069 3435; x_wconf 72' lang='grc' dir='ltr'><strong><em>εὶς</em></strong></span> <span class='ocrx_word' id='word_1_216' title='bbox 1084 3366 1224 3427; x_wconf 75' lang='grc' dir='ltr'><strong><em>ἕκαστον</em></strong></span> <span class='ocrx_word' id='word_1_217' title='bbox 1247 3363 1315 3427; x_wconf 82' lang='grc' dir='ltr'>τῶν</span> <span class='ocrx_word' id='word_1_218' title='bbox 1336 3364 1445 3447; x_wconf 80' lang='grc' dir='ltr'><strong><em>μέρων</em></strong></span> 
     </span>
     <span class='ocr_line' id='line_1_27' title="bbox 380 3458 1442 3549; baseline -0.001 -23"><span class='ocrx_word' id='word_1_219' title='bbox 380 3458 439 3538; x_wconf 84' lang='grc' dir='ltr'>τὰς</span> <span class='ocrx_word' id='word_1_220' title='bbox 460 3466 582 3529; x_wconf 74' lang='grc' dir='ltr'><strong><em>ἑαυτοῦ</em></strong></span> <span class='ocrx_word' id='word_1_221' title='bbox 597 3460 751 3548; x_wconf 77' lang='grc' dir='ltr'><strong><em>δυνάμεις</em></strong></span> <span class='ocrx_word' id='word_1_222' title='bbox 764 3465 820 3529; x_wconf 86' lang='grc' dir='ltr'>καὶ</span> <span class='ocrx_word' id='word_1_223' title='bbox 835 3458 1005 3546; x_wconf 78' lang='grc' dir='ltr'><strong><em>δυνάμεων</em></strong></span> <span class='ocrx_word' id='word_1_224' title='bbox 1020 3469 1067 3539; x_wconf 82' lang='grc' dir='ltr'><strong><em>εὶς</em></strong></span> <span class='ocrx_word' id='word_1_225' title='bbox 1085 3460 1173 3542; x_wconf 76' lang='grc' dir='ltr'><strong><em>αὐτὰ</em></strong></span> <span class='ocrx_word' id='word_1_226' title='bbox 1195 3459 1255 3540; x_wconf 84' lang='grc' dir='ltr'>τὰς</span> <span class='ocrx_word' id='word_1_227' title='bbox 1269 3463 1442 3549; x_wconf 76' lang='grc' dir='ltr'><strong><em>ἐνεργείας,</em></strong></span> 
     </span>
     <span class='ocr_line' id='line_1_28' title="bbox 378 3560 1442 3653; baseline 0 -24"><span class='ocrx_word' id='word_1_228' title='bbox 378 3561 566 3649; x_wconf 77' lang='grc' dir='ltr'><strong><em>ἐπιμέλειάν</em></strong></span> <span class='ocrx_word' id='word_1_229' title='bbox 589 3588 635 3649; x_wconf 85' lang='grc' dir='ltr'><strong><em>τε,</em></strong></span> <span class='ocrx_word' id='word_1_230' title='bbox 657 3567 713 3631; x_wconf 85' lang='grc' dir='ltr'>καὶ</span> <span class='ocrx_word' id='word_1_231' title='bbox 728 3561 913 3653; x_wconf 73' lang='grc' dir='ltr'><strong><em>ἐπιτροπὴν</em></strong></span> <span class='ocrx_word' id='word_1_232' title='bbox 927 3561 1113 3650; x_wconf 81' lang='grc' dir='ltr'><strong><em>ἁνημμένος</em></strong></span> <span class='ocrx_word' id='word_1_233' title='bbox 1127 3562 1296 3632; x_wconf 83' lang='grc' dir='ltr'><strong><em>ἁπάντων.</em></strong></span> <span class='ocrx_word' id='word_1_234' title='bbox 1344 3560 1442 3638; x_wconf 81' lang='grc' dir='ltr'><strong><em>Οἶκος</em></strong></span> 
     </span>
     <span class='ocr_line' id='line_1_29' title="bbox 377 3657 1439 3759; baseline -0.001 -28"><span class='ocrx_word' id='word_1_235' title='bbox 377 3668 420 3743; x_wconf 82' lang='grc' dir='ltr'>δὲ,</span> <span class='ocrx_word' id='word_1_236' title='bbox 443 3673 478 3732; x_wconf 80' lang='grc' dir='ltr'>ἐν</span> <span class='ocrx_word' id='word_1_237' title='bbox 500 3657 528 3750; x_wconf 75' lang='grc' dir='ltr'><em>ᾧ</em></span> <span class='ocrx_word' id='word_1_238' title='bbox 543 3667 724 3746; x_wconf 82' lang='grc' dir='ltr'><strong><em>διαιτᾶται,</em></strong></span> <span class='ocrx_word' id='word_1_239' title='bbox 742 3672 800 3748; x_wconf 84' lang='grc' dir='ltr'>τῆς</span> <span class='ocrx_word' id='word_1_240' title='bbox 815 3664 893 3748; x_wconf 84' lang='grc' dir='ltr'><strong><em>ὅλης</em></strong></span> <span class='ocrx_word' id='word_1_241' title='bbox 907 3665 1149 3759; x_wconf 74' lang='grc' dir='ltr'><strong><em>ὑπεξῃρημένος</em></strong></span> <span class='ocrx_word' id='word_1_242' title='bbox 1168 3671 1275 3744; x_wconf 73' lang='grc' dir='ltr'><strong><em>οἰκίας</em></strong></span> <span class='ocrx_word' id='word_1_243' title='bbox 1295 3664 1315 3731; x_wconf 87' lang='grc' dir='ltr'>ὁ</span> <span class='ocrx_word' id='word_1_244' title='bbox 1330 3661 1439 3748; x_wconf 87' lang='grc' dir='ltr'><strong><em>λόγος·</em></strong></span> 
     </span>
    </p>
   </div>
   <div class='ocr_carea' id='block_1_5' title="bbox 376 3958 1438 4393">
    <p class='ocr_par' dir='ltr' id='par_1_6' title="bbox 376 3958 1438 4217">
     <span class='ocr_line' id='line_1_30' title="bbox 483 3958 1437 4037; baseline -0.003 -17"><span class='ocrx_word' id='word_1_245' title='bbox 483 3967 510 4036; x_wconf 94' lang='grc'>1)</span> <span class='ocrx_word' id='word_1_246' title='bbox 527 3965 591 4036; x_wconf 72' lang='lat' dir='ltr'>[eg.</span> <span class='ocrx_word' id='word_1_247' title='bbox 610 3965 687 4036; x_wconf 80' lang='lat' dir='ltr'>alleg.</span> <span class='ocrx_word' id='word_1_248' title='bbox 705 3965 755 4035; x_wconf 82' lang='lat' dir='ltr'>HI,</span> <span class='ocrx_word' id='word_1_249' title='bbox 777 3965 814 4023; x_wconf 84' lang='lat' dir='ltr'>M.</span> <span class='ocrx_word' id='word_1_250' title='bbox 836 3965 858 4035; x_wconf 86' lang='grc' dir='ltr'>Ῑ,</span> <span class='ocrx_word' id='word_1_251' title='bbox 882 3965 948 4019; x_wconf 76' lang='lat'>121:</span> <span class='ocrx_word' id='word_1_252' title='bbox 970 3973 1014 4020; x_wconf 77' lang='lat' dir='ltr'>usti</span> <span class='ocrx_word' id='word_1_253' title='bbox 1030 3959 1046 4019; x_wconf 83' lang='grc' dir='ltr'><strong><em>ό</em></strong></span> <span class='ocrx_word' id='word_1_254' title='bbox 1063 3959 1140 4037; x_wconf 73' lang='grc' dir='ltr'><strong><em>λόγος</em></strong></span> <span class='ocrx_word' id='word_1_255' title='bbox 1157 3963 1187 4018; x_wconf 71' lang='grc' dir='ltr'>δὲ</span> <span class='ocrx_word' id='word_1_256' title='bbox 1203 3963 1253 4019; x_wconf 65' lang='lat' dir='ltr'>&#39;ror&#39;</span> <span class='ocrx_word' id='word_1_257' title='bbox 1270 3963 1340 4018; x_wconf 69' lang='grc' dir='ltr'><strong><em>θεοῦ</em></strong></span> <span class='ocrx_word' id='word_1_258' title='bbox 1356 3958 1437 4036; x_wconf 72' lang='grc' dir='ltr'><strong><em>ἱπερ-</em></strong></span> 
     </span>
     <span class='ocr_line' id='line_1_31' title="bbox 376 4049 1438 4126; baseline -0.003 -17"><span class='ocrx_word' id='word_1_259' title='bbox 376 4053 433 4109; x_wconf 81' lang='grc' dir='ltr'>ἀνω</span> <span class='ocrx_word' id='word_1_260' title='bbox 456 4051 557 4111; x_wconf 73' lang='grc' dir='ltr'><strong><em>παντός</em></strong></span> <span class='ocrx_word' id='word_1_261' title='bbox 579 4059 636 4109; x_wconf 77' lang='grc' dir='ltr'><strong><em>ἐστι</em></strong></span> <span class='ocrx_word' id='word_1_262' title='bbox 656 4054 707 4108; x_wconf 62' lang='lat' dir='ltr'>ror*</span> <span class='ocrx_word' id='word_1_263' title='bbox 729 4051 829 4125; x_wconf 82' lang='grc' dir='ltr'><strong><em>κόσμον</em></strong></span> <span class='ocrx_word' id='word_1_264' title='bbox 852 4061 895 4108; x_wconf 84' lang='grc' dir='ltr'>καὶ</span> <span class='ocrx_word' id='word_1_265' title='bbox 917 4051 1101 4126; x_wconf 70' lang='grc' dir='ltr'><strong><em>πρεσβύτατον</em></strong></span> <span class='ocrx_word' id='word_1_266' title='bbox 1122 4060 1164 4108; x_wconf 77' lang='grc' dir='ltr'>καὶ</span> <span class='ocrx_word' id='word_1_267' title='bbox 1186 4049 1360 4126; x_wconf 68' lang='grc' dir='ltr'><strong><em>γενικώτατον</em></strong></span> <span class='ocrx_word' id='word_1_268' title='bbox 1380 4052 1438 4107; x_wconf 80' lang='grc' dir='ltr'>τῶν</span> 
     </span>
     <span class='ocr_line' id='line_1_32' title="bbox 376 4141 559 4217; baseline 0.016 -19"><span class='ocrx_word' id='word_1_269' title='bbox 376 4141 426 4199; x_wconf 84' lang='grc' dir='ltr'>ὅσα</span> <span class='ocrx_word' id='word_1_270' title='bbox 443 4151 559 4217; x_wconf 77' lang='grc' dir='ltr'><strong><em>γέγονεν’.</em></strong></span> 
     </span>
    </p>

    <p class='ocr_par' dir='ltr' id='par_1_7' title="bbox 482 4228 1435 4302">
     <span class='ocr_line' id='line_1_33' title="bbox 482 4228 1435 4302; baseline -0.001 -15"><span class='ocrx_word' id='word_1_271' title='bbox 482 4234 510 4302; x_wconf 77' lang='lat'>2)</span> <span class='ocrx_word' id='word_1_272' title='bbox 528 4233 568 4287; x_wconf 91' lang='lat' dir='ltr'>De</span> <span class='ocrx_word' id='word_1_273' title='bbox 587 4233 651 4302; x_wconf 81' lang='lat' dir='ltr'>opii.</span> <span class='ocrx_word' id='word_1_274' title='bbox 665 4233 734 4301; x_wconf 70' lang='lat' dir='ltr'>ml,</span> <span class='ocrx_word' id='word_1_275' title='bbox 753 4234 783 4301; x_wconf 78' lang='lat'>53</span> <span class='ocrx_word' id='word_1_276' title='bbox 796 4231 857 4302; x_wconf 82' lang='lat' dir='ltr'>quis</span> <span class='ocrx_word' id='word_1_277' title='bbox 869 4247 920 4286; x_wconf 89' lang='lat' dir='ltr'>rer.</span> <span class='ocrx_word' id='word_1_278' title='bbox 933 4231 989 4287; x_wconf 83' lang='lat' dir='ltr'>div.</span> <span class='ocrx_word' id='word_1_279' title='bbox 1002 4232 1028 4289; x_wconf 93' lang='lat' dir='ltr'>h.</span> <span class='ocrx_word' id='word_1_280' title='bbox 1048 4247 1070 4289; x_wconf 91' lang='lat' dir='ltr'>s.</span> <span class='ocrx_word' id='word_1_281' title='bbox 1088 4231 1110 4300; x_wconf 75' lang='lat' dir='ltr'>L</span> <span class='ocrx_word' id='word_1_282' title='bbox 1129 4230 1196 4297; x_wconf 80' lang='lat'>505;</span> <span class='ocrx_word' id='word_1_283' title='bbox 1209 4229 1242 4283; x_wconf 89' lang='lat' dir='ltr'>do</span> <span class='ocrx_word' id='word_1_284' title='bbox 1254 4229 1321 4298; x_wconf 81' lang='lat' dir='ltr'>prof.</span> <span class='ocrx_word' id='word_1_285' title='bbox 1339 4229 1362 4298; x_wconf 83' lang='lat'>1,</span> <span class='ocrx_word' id='word_1_286' title='bbox 1374 4228 1435 4287; x_wconf 69' lang='lat'>54⁷.</span> 
     </span>
    </p>

    <p class='ocr_par' dir='ltr' id='par_1_8' title="bbox 482 4321 946 4393">
     <span class='ocr_line' id='line_1_34' title="bbox 482 4321 946 4393; baseline 0.006 -17"><span class='ocrx_word' id='word_1_287' title='bbox 482 4322 510 4392; x_wconf 92' lang='grc'>3)</span> <span class='ocrx_word' id='word_1_288' title='bbox 527 4321 568 4376; x_wconf 87' lang='lat' dir='ltr'>De</span> <span class='ocrx_word' id='word_1_289' title='bbox 586 4323 664 4393; x_wconf 87' lang='lat' dir='ltr'>migr.</span> <span class='ocrx_word' id='word_1_290' title='bbox 682 4322 746 4378; x_wconf 85' lang='lat' dir='ltr'>Abr.</span> <span class='ocrx_word' id='word_1_291' title='bbox 765 4321 826 4391; x_wconf 84' lang='lat'><strong>388,</strong></span> <span class='ocrx_word' id='word_1_292' title='bbox 845 4321 898 4376; x_wconf 82' lang='lat'>389</span> <span class='ocrx_word' id='word_1_293' title='bbox 914 4321 946 4380; x_wconf 87' lang='grc' dir='ltr'>Ρ.</span> 
     </span>
    </p>
   </div>
   <div class='ocr_carea' id='block_1_6' title="bbox 976 4448 1092 4518">
    <p class='ocr_par' dir='ltr' id='par_1_9' title="bbox 976 4448 1092 4518">
     <span class='ocr_line' id='line_1_35' title="bbox 976 4448 1092 4518; baseline 0 -2"><span class='ocrx_word' id='word_1_294' title='bbox 976 4448 1092 4518; x_wconf 58' lang='lat'>⁴*</span> 
     </span>
    </p>
   </div>
   <div class='ocr_carea' id='block_1_7' title="bbox 0 0 1635 5204">
    <p class='ocr_par' dir='ltr' id='par_1_10' title="bbox 0 0 1635 5204">
     <span class='ocr_line' id='line_1_36' title="bbox 0 0 1635 5204; baseline 0 0"><span class='ocrx_word' id='word_1_295' title='bbox 0 0 1635 5204; x_wconf 95' lang='lat' dir='ltr'> </span> 
     </span>
    </p>
   </div>
  </div>
 </body>
</html>
