3260 5206
854 479 917 556 ,νο

298 701 303 710 ·
358 677 466 736 turum
481 671 621 736 urbibus
636 674 752 756 agitur.
783 671 877 736 Philo
895 673 986 736 hunc
1003 674 1121 756 locum,
1136 679 1174 738 ut
1185 676 1253 756 jam
1268 675 1422 758 vidimus,

358 778 528 862 allegorice
543 781 775 862 interpretatur
790 783 887 864 atque
904 780 978 844 illas
997 799 1056 844 sex
1074 780 1173 845 urbes
1190 800 1249 845 sex
1269 779 1422 866 δυνάμεις

353 886 489 966 judicat,
512 904 653 968 quarum
674 887 780 969 pn’ma
803 884 942 972 δύναμις
966 885 1065 972 λόγος
1087 891 1144 952 est.

446 990 642 1055 Novissimis
668 993 869 1076 temporibus
896 993 1099 1058 Leibnitzius
1128 994 1226 1057 deum
1254 1013 1325 1058 esse
1352 1013 1420 1056 mo-

358 1097 476 1161 nadem
503 1097 681 1162 monadum
709 1097 827 1163 docuit
877 1098 930 1162 Ex
962 1102 1122 1166 sententia
1149 1099 1296 1164 Philonis
1325 1099 1422 1185 λόγος

360 1213 428 1274 τῶν
454 1205 561 1290 λόγων
592 1203 783 1287 complexus
816 1211 865 1270 est
896 1211 940 1288 et,
972 1211 1050 1291 quia
1081 1209 1175 1294 λόγοι
1205 1212 1238 1272 ct
1268 1207 1422 1294 δυνάμεις

357 1314 444 1377 idem
472 1319 559 1394 sunt,
586 1311 766 1398 δυνάμεων.
811 1311 983 1396 Personas,
1012 1297 1113 1398 quae'
1128 1315 1293 1399 quondam
1316 1315 1421 1378 Abra-

359 1421 454 1483 hamo
481 1425 712 1503 apparuerunt,
737 1419 832 1484 Philo
859 1420 955 1483 modo
982 1425 1048 1486 tres
1075 1424 1173 1505 vires,
1198 1421 1295 1486 modo
1322 1421 1422 1508 λόγον

359 1546 430 1591 esse
454 1526 580 1609 judicat
607 1531 639 1590 et
667 1532 770 1611 putat,
801 1526 901 1612 λόγον
931 1527 1019 1592 idem
1050 1548 1121 1593 esse
1149 1529 1237 1613 quod
1269 1529 1423 1617 δυνάμεις

360 1636 558 1716 conjunctas.
587 1633 701 1718 Λόγος
716 1635 906 1718 complexus
929 1635 1077 1698 omnium
1094 1636 1272 1725 δυνάμεων,
1285 1637 1423 1727 δόνυμις

360 1746 409 1806 est
430 1745 566 1829 μεγάλη,
589 1742 815 1830 δόναμιςκυτ’
832 1742 955 1832 ἐξοχὴν,
979 1748 1051 1812 trita
1074 1748 1177 1822 ἰδεῶν,
1202 1764 1285 1828 quae
1309 1765 1422 1810 omnes

358 1849 449 1914 ideas
476 1852 512 1912 in
539 1870 574 1915 se
601 1855 751 1934 continet,
776 1856 918 1940 βιβλίον,
945 1854 981 1914 in
1010 1851 1190 1943 quo-ideae
1213 1853 1422 1936 consignatae

362 1963 449 2040 sunt,
480 1959 584 2040 τόπος
614 1967 675 2029 τοῦ
701 1959 827 2048 κόσμου
856 1965 988 2043 νοητοῦ,
1022 1960 1043 2022 i.
1071 1977 1097 2022 e.
1126 1960 1273 2024 omnium
1300 1961 1423 2022 virium

362 2064 558 2152 divinamm,
581 2075 651 2138 ἐπεὶ
679 2075 731 2148 τίς
757 2065 799 2138 ἂν
828 2071 877 2152 ε’όη
907 2074 973 2135 τῶν
995 2065 1164 2153 δυνάμεων
1186 2066 1291 2135 αὐτοῦ
1319 2065 1423 2143 τόπος

363 2182 482 2265 ἕτερος.
490 2178 515 2258 ¹)
560 2177 606 2243 Ut
629 2197 734 2243 sermo
756 2178 899 2242 hominis
921 2178 958 2239 in
973 2174 1076 2238 multa
1092 2174 1300 2238 distribuitur
1314 2171 1423 2253 verba,

363 2283 410 2347 sio
437 2282 535 2369 λόγος
561 2285 596 2347 in
623 2285 743 2348 multos
772 2283 909 2349 discedit
937 2282 1062 2368 λόγους,
1096 2283 1155 2365 qui
1186 2280 1226 2344 ab
1258 2280 1314 2344 illo
1346 2298 1421 2343 oon-

362 2392 516 2456 tinentur.
561 2390 680 2476 Angeli
704 2395 736 2455 et
761 2390 848 2454 vires
872 2387 1051 2475 (δυνάμεις)
1073 2387 1219 2476 τὰμέρη
1241 2384 1424 2470 τοῦλόγου

363 2495 474 2580 suntfl)
521 2496 593 2574 Qua
616 2498 656 2562 de
679 2517 779 2562 causa
801 2495 894 2560 Philo
918 2497 1017 2582 λόγον
1039 2495 1146 2558 ideam
1174 2493 1265 2557 ducit
1291 2495 1423 2558 univer-

363 2626 442 2689 sam,
466 2626 569 2689 quum
593 2605 684 2668 dicit:
709 2607 926 2695 διατρέφεται
947 2603 1010 2694 γάρ
1033 2605 1119 2688 ἡμᾶς
1144 2607 1191 2687 τῷ
1212 2600 1423 2686 γενικωτάτων

363 2709 469 2775 αὑτοῦ
496 2706 593 2793 λόγῳ.
649 2705 695 2775 Τὸ
726 2703 790 2795 γάρ
823 2705 934 2792 μάννα
965 2705 1090 2794 (λόγος)
1124 2701 1336 2795 ἑρμηνεύεται
1374 2706 1424 2787 Τι’,

365 2809 469 2879 τοῦτό
489 2818 562 2878 ἐστι
585 2806 624 2877 τὸ
639 2806 865 2893 γενικώτατον
888 2815 952 2876 τῶν
975 2807 1093 2877 όντων.
1137 2810 1207 2874 Καὶ
1229 2805 1247 2873 ὁ
1270 2801 1369 2889 λόγος
1390 2808 1424 2871 δὲ

365 2919 425 2981 τοῦ
447 2916 534 2980 θεοῦ
555 2907 705 3001 ὑπεράνω
727 2915 856 2988 παντός
877 2920 949 2978 ἐστι
972 2915 1031 2979 τοῦ
1052 2908 1187 2992 κόσμον,
1210 2911 1265 2974 καὶ
1287 2904 1424 2994 πρεσβύ-

366 3041 468 3092 τατος
489 3018 545 3081 καὶ
570 3010 792 3098 γενναιότατος
815 3018 883 3082 τῶν
904 3012 968 3081 ὅσα
987 3011 1159 3099 γέγονενά)

452 3120 578 3185 idcireo
597 3137 664 3182 non
680 3122 729 3183 est
742 3120 873 3203 mirum,
896 3121 984 3204 qnod
1004 3118 1098 3182 Philo
1122 3115 1222 3200 λόγον
1237 3114 1424 3202 δυνάμεσιν,

366 3228 567 3312 quinetiam
590 3226 655 3290 iliis
669 3226 863 3310 praecipuis,
887 3224 1008 3307 quibus
1030 3226 1066 3287 in
1088 3224 1204 3288 mediis
1228 3221 1325 3308 λόγος
1348 3223 1424 3288 sub-

366 3335 451 3400 sistit
473 3333 552 3421 (άνά
572 3342 674 3422 μέσον
697 3339 764 3401 τῶν
788 3338 972 3424 Χερουβίμ)
1001 3337 1033 3396 et
1060 3352 1143 3416 quas
1170 3333 1287 3416 partim
1311 3330 1426 3394 dividit

364 3442 482 3525 partim
505 3443 683 3528 conjungit,
704 3442 859 3526 praefecit
873 3442 1027 3524 majorem
1043 3438 1328 3521 excelsioremque.
1373 3435 1425 3499 Ex

474 3712 501 3781 1)
519 3711 559 3766 De
578 3711 640 3780 opii.
660 3710 754 3765 mundi
772 3710 809 3768 Μ.
827 3712 853 3768 4.

474 3800 502 3869 2)
519 3800 566 3854 Dr.
587 3799 694 3869 Schulz,
713 3800 742 3853 in
761 3801 813 3853 den
831 3800 939 3867 protest.
952 3797 1172 3852 Monatsbltttem
1190 3798 1234 3849 fiir
1251 3797 1345 3848 innero
1358 3795 1427 3849 Zeit-

369 3889 522 3956 poschiohte
542 3889 583 3958 24,
603 3905 628 3958 p.
648 3888 714 3942 214:
750 3889 813 3942 ihre
832 3886 869 3956 (d.
888 3888 907 3944 i.
926 3888 974 3940 der
991 3883 1139 3956 δυνάμεις-)
1159 3885 1429 3950 Zusammenfassung

369 3979 405 4033 ist
423 3979 470 4034 das
488 3979 566 4034 Wort
585 3977 689 4044 Gottos3
708 3977 760 4032 wie
779 3976 823 4030 dio
841 3975 966 4030 Strahlen
984 3975 1031 4028 der
1043 3973 1138 4041 Sonne,
1157 3973 1200 4026 die
1219 3973 1363 4027 Gedenken
1381 3972 1428 4025 des

369 4067 473 4124 Goistos
498 4069 526 4123 in
544 4067 630 4122 ihrom
650 4065 758 4120 Grundo
781 4065 875 4132 ruhen,
899 4064 962 4117 aber
984 4062 1187 4116 hervortretend
1205 4061 1340 4128 Wirkung
1357 4060 1428 4113 iibon

369 4159 483 4228 kttnnon,
508 4173 537 4212 eo
563 4155 635 4213 dioso
654 4152 872 4221 Gottesstrahlon,
892 4151 1129 4220 Gottesgedenkon,
1154 4152 1235 4205 deren
1252 4149 1363 4203 Einheit
1380 4148 1428 4202 das

368 4249 448 4304 Wort
465 4247 563 4306 Gottos.

476 4337 503 4408 3)
521 4335 583 4408 leg.
603 4333 679 4404 alleg.
697 4331 734 4391 M.
753 4331 802 4402 ΠΙ,
820 4331 863 4390 21.

935 4460 1127 4540 --Q
