3260 5206
724 439 764 500 15

215 641 265 700 est
292 635 471 699 benevolus
504 655 541 698 ac
573 632 749 715 beneficus,
782 654 858 696 nem
892 633 1067 718 quidquid·
1086 605 1182 720 λόγός
1208 637 1278 720 ipse

212 743 320 825 habet,
347 744 475 827 copiose
502 740 691 806 hominibus
720 740 783 820 dat,
815 741 904 824 quod
931 761 998 805 non
1029 742 1135 824 hebet,
1168 763 1188 809 a.
1218 742 1277 806 deo

212 852 307 934 petit,
346 852 404 934 qui
437 849 589 935 precibus
629 849 700 929 ejus
740 851 934 932 commotus,
972 850 1125 913 thesauro
1166 850 1277 912 divino

214 956 383 1041 patefacto,
407 956 492 1020 dona
507 957 629 1040 gratiae
653 973 732 1019 suae
747 954 836 1038 lorge
860 955 1035 1046 distribuit,
1050 962 1088 1020 ut
1104 956 1214 1020 omnia
1229 974 1279 1018 re-

216 1063 384 1147 ceptacula
421 1069 550 1128 terrena
587 1061 740 1126 felicitate
779 1068 817 1124 ac
855 1064 948 1147 copie
981 1063 1157 1128 abundent.
1214 1062 1279 1126 Hic

215 1177 352 1257 μεσίτης
375 1163 518 1255 denique
540 1170 686 1255 pontifex
715 1172 764 1232 est
790 1168 931 1234 hominis
960 1173 1127 1254 totiusque
1155 1169 1279 1233 mundi.

215 1278 269 1342 Ex
292 1281 366 1362 ejus
386 1279 620 1343 intercessione
643 1277 676 1362 (ἡ
697 1284 780 1362 μίση
803 1275 911 1363 τάξις)
940 1279 1105 1342 character
1132 1275 1286 1356 sacerdo-¹

216 1387 290 1451 talis
307 1385 553 1450 concludendus
566 1389 623 1448 est.
652 1383 693 1447 In
708 1383 791 1447 libro
806 1383 953 1449 Levitico
965 1383 1058 1467 XVI,
1070 1383 1111 1464 17
1124 1383 1278 1468 legimus:

217 1493 272 1557 καὶ
294 1494 359 1566 πᾶς
381 1485 564 1577 ἄνθρωπος
588 1484 646 1554 οὐκ
669 1491 764 1554 ἕσται
787 1495 822 1553 ὲν
843 1492 882 1581 τῇ
897 1492 998 1582 σκηνῇ
1021 1491 1083 1554 τοῦ
1095 1488 1280 1572 μαρτυρίου

220 1598 487 1679 είςαορενομένοα
515 1587 620 1655 αὑτοῦ
648 1587 873 1670 ἐξιλάσασθαι
894 1597 929 1656 ὲν
967 1594 1014 1673 τῷ
1040 1588 1123 1673 ἁγίῳ
1152 1593 1212 1663 ἕως
1238 1581 1280 1653 ἂν

219 1701 349 1792 ἐξέλθῃ,
381 1716 466 1781 quae
493 1694 593 1759 verba
620 1693 713 1760 Philo
740 1698 786 1759 ita
811 1698 1057 1780 interpretatur:
1092 1694 1175 1762 ὅταν
1197 1699 1280 1788 εἰσίῃ

219 1810 264 1880 είς
287 1799 331 1868 τὰ
353 1799 434 1885 ἅγια
456 1803 523 1865 τῶν
545 1797 648 1882 ἁγίων
668 1797 876 1889 ὁάρχιιρεὺς,
899 1796 1083 1888 ἄνθρωπος
1098 1797 1158 1864 οὐκ
1176 1802 1279 1875 ἔσται,

217 1911 236 1971 i.
261 1928 287 1973 e.
315 1926 420 1991 quum
442 1907 586 1991 primum
613 1905 768 1989 pontifex·
786 1906 896 1970 locum
929 1910 1079 1969 sanctum
1109 1907 1279 1990 ingressus

216 2021 275 2099 est,
297 2034 365 2095 non
388 2019 437 2078 est
456 2017 524 2097 jam
546 2014 652 2095 bomo,
675 2012 732 2077 sed
756 2012 905 2076 divinum
921 2011 1054 2096 aliquid.
1091 2010 1156 2088 Qui
1173 2013 1279 2100 λόγος,

219 2122 364 2206 pontifex
379 2122 555 2203 maximus,
572 2120 741 2184 sanctitate
758 2118 949 2184 sacerdotali
963 2119 1135 2184 hominum
1149 2129 1281 2206 peccata

217 2229 301 2293 toltit
324 2233 356 2292 ct
379 2225 486 2309 efficit,
501 2231 540 2290 ut
559 2227 697 2314 δύναμις
720 2221 811 2308 ἵλεως
834 2227 896 2310 τὴν
917 2227 1118 2311 κολαστικὴν
1142 2236 1282 2314 superet,

218 2355 286 2420 quc
313 2353 432 2418 poenas
459 2338 666 2416 pcccatorum
697 2338 823 2421 mitigat
851 2355 888 2399 ec
917 2335 1075 2421 prohibet,
1095 2337 1280 2420 quominus

217 2441 301 2506 dens
324 2442 487 2527 ἀκοσμίαν
502 2441 578 2508 ἀντὶ
595 2445 737 2530 κοσμίαν
761 2445 873 2527 capiat.
918 2442 965 2507 Ut
987 2443 1099 2508 Aaron
1122 2453 1201 2528 ἔστη
1216 2451 1281 2517 όινὰ

215 2552 319 2630 μέσον
343 2550 410 2611 τῶν
432 2542 652 2626 τεθνηκότων
675 2550 730 2612 καί
753 2551 821 2614 τῶν
843 2543 975 2626 ζώντων
1001 2549 1058 2612 καὶ
1079 2546 1240 2615 ἐκόπασεν
1261 2550 1281 2630 ἡ

216 2653 399 2744 θραῦσιςβ)
423 2653 470 2718 sic
489 2650 587 2736 λόγος
602 2650 749 2716 Philonis
758 2653 870 2716 Aaron
887 2658 945 2735 est,
961 2655 1019 2737 qui
1034 2655 1280 2739 intermortuos

218 2767 249 2825 et
278 2763 373 2826 vivos
405 2765 563 2824 versatur.
616 2758 679 2824 His
710 2761 746 2822 in
782 2759 935 2825 omnibus
969 2760 1209 2844 functionibus,
1244 2764 1280 2825 in

221 2868 339 2952 quibus
364 2888 493 2932 summa
518 2873 579 2936 τοῦ
601 2867 702 2953 λόγον
724 2867 830 2951 posita
853 2872 902 2932 est
925 2868 1076 2952 dignitas²
1103 2869 1212 2954 λόγου,
1241 2870 1280 2932 de

218 2996 281 3059 quo
315 2975 470 3056 dicimuS,
503 2980 617 3039 auctor
646 2980 696 3040 est
726 2974 997 3056 Melchisedecus3
1029 2980 1067 3039 ut
1098 2977 1152 3040 hic
1179 2978 1282 3069 ἱερεὺς

217 3088 264 3146 cst
288 3088 376 3152 θεοῦ
407 3089 467 3151 τοῦ
490 3085 679 3176 ὑψόστονέ)
704 3085 752 3148 sic
774 3082 881 3169 λόγος,
906 3083 1002 3165 cujus
1025 3087 1143 3174 κλῆρος
1172 3085 1279 3155 ὁὬν.

304 3190 394 3256 Huic
409 3191 497 3277 λόγῳ
513 3193 609 3255 homo
625 3192 729 3255 multa
745 3189 847 3254 debet.
881 3192 1021 3254 Animae
1032 3193 1281 3278 intelligentiam

215 3317 327 3362 rerum
362 3300 514 3365 sensibus
549 3318 615 3362 non
650 3298 871 3382 subjectarum
905 3300 1021 3382 aperit,
1058 3299 1206 3385 linguam
1240 3302 1282 3366 ad

217 3404 393 3469 dicendum
406 3413 438 3471 et
449 3426 568 3491 corpus
580 3406 621 3470 ad
633 3424 704 3471 sese
719 3404 919 3484 movendum
929 3406 1072 3472 instruit.
1098 3407 1281 3492 Sapientiae

218 3517 265 3575 est
288 3512 381 3577 dator
403 3519 580 3598 custosque
602 3513 743 3577 virtutis.

305 3619 399 3685 Plato
435 3621 559 3702 docuit,
593 3621 785 3706 sapientiam
818 3623 928 3685 anima
961 3624 1078 3688 mundi
1110 3621 1281 3708 procreari.

223 3721 273 3788 Ex
292 3726 440 3793 Philonis
463 3747 541 3793 vero
565 3729 725 3793 sententia
747 3727 846 3814 λόγος
869 3729 943 3794 fene
966 3735 1024 3808 est,
1056 3751 1075 3794 a
1103 3751 1168 3814 quo
1196 3751 1282 3814 aqua

223 3833 372 3900 scientiae
394 3836 432 3898 in
454 3835 573 3900 fluvios
593 3835 849 3900 innumerabiles
873 3855 944 3900 sese
967 3837 1113 3902 effundit.
1158 3835 1282 3901 Locum

222 3937 355 4007 Genesis
370 3942 415 4024 H,
432 3943 465 4004 6:
483 3942 570 4026 πηγὴ
593 3946 627 4009 δὲ
649 3942 820 4027 ἀνέβαινεν
843 3952 877 4010 ἐκ
902 3949 960 4024 τῆς
985 3950 1044 4030 γῆς
1068 3944 1161 4009 Philo
1181 3945 1280 4008 inter-

324 4210 351 4278 1)
370 4209 451 4263 Num.
470 4207 598 4276 111148,

325 4297 352 4368 2)
372 4298 436 4351 Gen.
456 4297 531 4366 XIV,
540 4297 583 4351 48.
