3260 5206
874 497 916 558 30

841 760 950 837 111.

453 886 587 952 Praeter
622 887 695 950 illas
736 885 890 967 δυνάμεις
932 905 1165 970 saepenumero
1206 887 1243 948 in
1280 885 1428 950 Philonis

365 994 493 1077 seriptis
516 993 556 1057 de
579 995 738 1078 sapientia
761 995 895 1082 (σοφία)
917 993 1066 1076 legimus.
1112 992 1260 1076 Vestigia
1280 991 1427 1056 Philonis

365 1101 530 1164 doetrinae
554 1100 593 1165 de
616 1102 775 1185 sapientia
793 1102 862 1182 jam
883 1100 920 1163 in
941 1099 1025 1163 libro
1047 1098 1130 1162 Jesu
1153 1097 1278 1162 Siraohi
1300 1100 1428 1161 inveni-

364 1227 448 1271 mus.
495 1205 568 1282 Qno
596 1209 632 1270 in
662 1207 745 1270 libro
776 1207 855 1291 (cap.
887 1206 940 1289 24)
967 1206 1121 1270 laudatur
1144 1206 1312 1289 sapientia,
1344 1224 1428 1288 quae

364 1333 407 1378 ex
437 1332 492 1377 ore
522 1314 671 1377 altissimi
700 1315 851 1397 provenit
880 1318 913 1377 et
934 1317 1092 1395 tanquam
1118 1311 1240 1375 nebula
1262 1313 1429 1395 cooperuit

364 1425 493 1502 terram,
516 1439 600 1502 quae
622 1421 659 1482 in
677 1420 812 1483 eeclesia
827 1419 977 1483 altissimi
999 1439 1036 1483 os
1059 1439 1159 1483 suum
1182 1419 1293 1502 aperit,
1314 1422 1428 1482 rotun-

365 1527 498 1591 ditatem
521 1527 603 1590 coeli
625 1528 785 1608 circumit,
805 1526 842 1589 in
871 1525 1091 1609 profunditate
1122 1525 1316 1606 abyssomm
1339 1527 1371 1586 et
1392 1524 1428 1584 in

366 1633 470 1697 fluctu
492 1634 592 1696 maris
615 1634 704 1696 etin
730 1637 817 1696 terra
846 1637 914 1696 tota
944 1637 1042 1716 atque
1070 1633 1108 1695 in
1136 1631 1224 1695 omni
1247 1630 1367 1714 populo
1391 1648 1428 1691 ao

365 1745 462 1824 gente
484 1744 642 1805 versatur.

454 1846 628 1931 Permagni
661 1865 738 1910 vero
771 1849 808 1908 in
842 1846 989 1909 doctrina
1021 1844 1169 1909 Philonis
1200 1845 1240 1909 do
1270 1843 1429 1928 sapientia

366 1958 435 2016 erat
465 1954 621 2016 momenti
657 1952 741 2017 liber
770 1953 955 2037 sapientiae,
987 1952 1071 2015 illud
1101 1952 1228 2016 scholae
1260 1949 1429 2031 Judaioae,

367 2079 451 2144 quae
490 2060 655 2142 quondam
693 2059 913 2124 Alexandriae
951 2056 1079 2139 floruit,
1116 2078 1274 2143 magnum
1310 2076 1428 2120 monu-

365 2172 522 2230 mentum.
567 2167 621 2230 llx
650 2166 711 2230 hoo
738 2166 821 2229 libro
855 2169 960 2253 σοφία
990 2184 1009 2226 a
1037 2163 1097 2228 deo
1124 2168 1254 2228 emanat
1281 2167 1313 2227 et
1335 2162 1428 2227 boni-

364 2278 464 2337 tatem
491 2293 529 2337 ao
550 2275 728 2358 potentiam
751 2273 804 2336 dei
827 2265 1027 2355 ngnifioat31)
1057 2271 1144 2334 inest
1166 2271 1197 2334 ei
1220 2271 1354 2354 spiritus
1376 2270 1427 2332 in-

364 2367 523 2464 telligens,
542 2380 690 2465 simplos,
703 2379 885 2462 multipleX,
908 2377 1048 2460 subtilis,
1066 2377 1206 2459 mobilis,
1229 2377 1429 2462 splendidus,

365 2487 566 2570 impollutus,
587 2488 790 2572 perspicuus,
811 2485 1030 2569 perpessionis
1053 2502 1179 2566 expers,
1205 2502 1318 2547 amans
1340 2482 1429 2564 boni,

365 2598 492 2676 acutus,
521 2592 698 2675 beneficus,
727 2593 941 2676 omnipotens,
971 2592 1093 2654 omnia-
1110 2591 1244 2654 intuens
1276 2595 1309 2654 et
1329 2608 1427 2673 pene·

364 2704 455 2764 trans
486 2720 598 2766 omnes
622 2701 756 2787 spiritus
778 2698 996 2782 intelligentes
1022 2693 1157 2782 puros.²)
1201 2696 1243 2759 In
1265 2697 1428 2760 creatione

364 2808 481 2871 mundi
512 2810 607 2892 qnasi
638 2807 765 2891 anison
799 2804 935 2873 πάντων
968 2817 1119 2892 τεχνῖτις,
1153 2823 1230 2866 oum
1264 2802 1323 2882 deo
1358 2806 1427 2865 erat

364 2916 508 3007 eopia.³)
531 2911 683 2979 Permeat
700 2915 810 2978 omnia
825 2911 944 3000 (διήκει
958 2916 993 2979 δὲ
1014 2917 1070 2981 καὶ
1084 2924 1185 2999 χωρεῖ
1205 2910 1262 2978 διὰ
1275 2907 1426 2996 πάντων)

362 3023 503 3107 puritate
541 3021 627 3106 sua4)
665 3027 698 3086 et
731 3043 751 3085 a
787 3021 852 3085 fine
886 3040 953 3084 uno
988 3020 1029 3084 ad
1066 3020 1205 3082 alterum
1237 3017 1424 3102 pertingite

363 3129 496 3214 Semper
518 3129 628 3193 orbem
646 3134 807 3192 terrarum
829 3123 975 3212 implet.⁶)
1020 3129 1140 3215 Σοφία
1161 3125 1325 3188 hominem
1348 3143 1424 3187 oon-

363 3239 478 3319 stitnit,
504 3241 543 3300 ut
563 3238 600 3298 in
622 3239 787 3300 creaturas
810 3256 830 3298 a
852 3234 912 3298 deo
933 3234 1035 3298 factas
1066 3225 1290 3313 dominetrn3⁷)
1321 3231 1425 3294 homi-

362 3364 438 3408 nem
460 3343 587 3407 viribus
606 3342 831 3427 spiritualibus
847 3343 1019 3406 exornavit
1041 3359 1183 3424 eumque
1206 3339 1247 3402 ad
1269 3339 1425 3400 virtutem

361 3451 507 3536 impellit.
553 3449 581 3513 Ε
605 3451 726 3514 sanetis
756 3449 864 3531 coelis,
893 3469 913 3511 a
939 3448 1016 3512 sede
1037 3447 1159 3532 gloriae
1183 3445 1235 3508 dei
1257 3444 1357 3526 venit,
1388 3447 1426 3506 nt

362 3578 438 3622 oum
467 3555 656 3622 hominibus
687 3557 723 3619 in
752 3554 863 3618 labore
894 3572 1048 3640 praesens
1078 3557 1236 3634 versetur,
1265 3555 1312 3633 ut,
1344 3550 1424 3633 quid

468 3805 498 3876 1)
517 3803 580 3872 Cap.
599 3804 624 3871 7,
643 3802 686 3871 25,
704 3801 748 3859 26.

468 3893 497 3961 2)
514 3893 579 3961 Cap.
597 3893 623 3961 7,
641 3891 685 3948 22.

468 3982 495 4052 3)
514 3980 578 4050 Cap.
597 3982 622 4050 7,
640 3981 684 4038 21.

467 4071 497 4142 4)
516 4069 580 4139 Cap.
599 4071 624 4138 7,
643 4069 687 4127 24.

467 4159 497 4231 5)
516 4158 579 4229 (lap.
597 4157 624 4228 8,
644 4159 669 4215 1.

467 4249 495 4319 e)
513 4248 577 4317 cap.
597 4248 621 4317 1,
640 4247 671 4300 1·
690 4239 1095 4344 unwanum.

467 4338 495 4407 7)
513 4337 576 4407 Cap.
596 4335 621 4391 9,
