3260 5206
790 469 832 531 13

363 665 478 750 Λόγος
506 684 611 748 quum
637 664 754 726 mnndi
786 664 1068 746 vincnlnm,tum
1094 666 1195 728 totius
1223 665 1340 729 mundi

271 780 322 838 est
308 774 406 838 t.lex
453 773 485 834 A
511 770 648 834 Philone
679 789 746 833 non
775 771 871 833 modo
900 771 1021 858 δεσμὸς
1043 778 1110 840 τῶν
1132 771 1252 858 ὄντων,
1280 774 1338 838 sed

272 885 370 946 etiam
392 881 494 968 νόμος
516 881 660 941 vocetur.
700 876 846 940 Mundus
867 880 1015 943 omnium
1030 899 1204 964 corporum
1219 900 1338 966 corpus

272 997 322 1056 est
343 989 589 1074 gravissimum:
615 1003 681 1067 qua
697 984 737 1048 de
753 1004 852 1048 causa
867 1004 934 1049 non
952 1006 1057 1050 vacuo
1074 987 1217 1070 quodem
1234 989 1297 1052 fert
1284 995 1339 1051 tur

272 1098 386 1181 spatio,
409 1094 467 1158 sed
488 1094 560 1176 lege
583 1096 635 1153 aet
635 1109 714 1154 erne
729 1093 846 1155 nititnn
805 1092 881 1176 nist)
918 1091 989 1167 Qua
1006 1112 1082 1156 oum
1105 1113 1140 1158 re
1156 1095 1339 1178 concordat,

273 1203 362 1286 quod
384 1202 478 1266 Philo
502 1198 543 1262 de
566 1196 653 1282 λόγῳ
677 1196 808 1266 dicits
794 1205 864 1266 ἐπεὶ
885 1207 978 1269 πᾶσα
997 1203 1134 1281 notas*
1116 1231 1253 1291 ευνομος
1275 1211 1339 1292 ἔχει

271 1306 455 1380 πολιτείαν,
478 1300 664 1384 ἀναγκαίως
686 1300 854 1387 ξυνέβαινε
881 1310 927 1389 τῷ
943 1309 1170 1400 κοσμοπσλίτῃ
1181 1311 1338 1395 χρῆσθαι

271 1401 291 1502 ᾖ
320 1411 376 1475 καὶ
405 1405 537 1494 σύμπας
564 1406 582 1472 6
612 1403 743 1490 κόσμος,
774 1405 858 1485 αὕτη
889 1409 923 1474 δι’
954 1416 1046 1474 ἐστιν
1075 1409 1093 1476 ὁ
1123 1414 1181 1489 τῆς
1208 1409 1339 1500 φύσεως

273 1507 384 1596 ὀρθὸς
405 1507 512 1593 λόγος,
530 1505 566 1584 ὃς
580 1515 764 1596 κυριωτέρα
778 1505 892 1587 κλήσει
905 1509 1195 1598 προσονομάζεται
1210 1510 1339 1600 δεσμὸς,

271 1610 374 1698 νόμος
396 1614 494 1688 θεῖος
516 1606 569 1687 ὢν,
592 1613 676 1677 καθ’
698 1612 737 1677 ὃν
761 1610 802 1676 τὰ
817 1609 1030 1699 προσήκοντα
1044 1617 1099 1678 καὶ
1114 1613 1339 1698 ἐπιβάλλοντα

273 1720 427 1798 ἑκάστοις
456 1718 694 1806 ἁπενεμήθιγ.’)
744 1717 846 1782 Ηιιιιο
876 1717 985 1804 λόγον,
1019 1721 1078 1802 qni
1109 1725 1247 1784 vocatur
1280 1728 1339 1802 τῆς

273 1829 403 1921 ᾳύσεως
437 1827 545 1920 ὀρθὸς
576 1826 687 1913 λόγος,
719 1826 803 1889 hanc
835 1830 972 1890 notitiae
1004 1828 1086 1908 vim,
1118 1848 1202 1911 quoe
1232 1834 1337 1894 totum

272 1937 435 2001 mundum
461 1936 583 2021 implet,
610 1935 720 2000 omnic
750 1934 920 2016 conjungit
947 1936 979 1996 et
1010 1934 1148 2018 ordinet,
1175 1939 1337 2022 sepientes

272 2045 542 2130 gubernationem
573 2041 689 2104 mundi
725 2040 779 2104 vel
812 2039 1065 2124 providentiam,
1097 2043 1189 2107 stulti
1224 2065 1338 2111 oosum

272 2154 326 2217 vel
346 2139 451 2216 fetnm
473 2155 599 2214 vocant

360 2259 425 2324 Sed
448 2257 555 2343 qualis
578 2255 665 2340 λόγῳ
689 2275 765 2318 cum
787 2254 919 2319 homino
943 2254 985 2317 sit
1007 2256 1236 2322 necessitudo?

334 2371 338 2378 '
359 2364 406 2429 Ut
421 2366 569 2429 omnium
584 2383 705 2444 rernm,
721 2380 805 2445 quae
818 2365 943 2424 creatae
956 2366 1043 2443 sunt,
1058 2357 1157 2447 λόγος
1172 2367 1338 2450 exemplar

272 2477 330 2554 cst,
361 2473 409 2538 sic
438 2471 589 2534 hominis.
634 2469 675 2532 ln
703 2469 831 2552 scriptis
865 2467 1096 2552 philosophicis
1131 2471 1170 2534 de
1205 2473 1337 2538 homino

271 2578 411 2660 coelesti,
443 2578 482 2642 de
514 2579 664 2670 oipovtpj
685 2577 872 2664 ἀνθρώπῳ,
902 2575 1050 2659 legimns.
1108 2577 1337 2664 Giroererins³)

271 2691 303 2750 et
326 2684 589 2768 Kefersteinins⁴)
612 2691 738 2771 putant,
761 2686 850 2749 huno
879 2681 1034 2774 οὐράνιον
1056 2684 1243 2778 ἄνθρωπον
1267 2709 1338 2754 osso

270 2795 381 2880 λόγον,
401 2812 499 2877 quem
511 2792 605 2856 Philo
622 2793 719 2856 vult
681 2800 745 2856 t1n
746 2793 856 2876 telligi.
880 2790 1059 2855 illorum
1029 2813 1176 2858 vnorum
1192 2797 1338 2880 opinioni

270 2902 459 2983 Heinzius5)
482 2905 652 2985 repugnat.
630 2898 737 2964 tId
769 2898 903 2982 quidem
939 2905 1066 2964 constat
1071 2921 1158 2983 ox
1190 2901 1337 2968 Philonis

272 3010 418 3073 dochino
440 3007 606 3070 hominem
635 3007 676 3070 od
704 3006 952 3071 similitudinem
982 2949 1164 3091 τοῦλόγου
1192 3015 1337 3074 creatum

271 3135 351 3198 esse,
383 3133 484 3199 quare
507 3114 728 3199 ἀπεικόνισμα
755 3116 808 3178 vel
829 3121 1047 3209 μίμημαιτοῦ
1069 3116 1170 3203 λόγου
1193 3122 1336 3184 vocatur.

270 3222 361 3287 Haeo
385 3222 564 3287 similitudo
592 3223 734 3287 hominis
767 3243 843 3287 oum
866 3223 954 3310 λόγῳ
977 3233 1012 3293 ἐν
1035 3230 1082 3310 τῷ
1103 3231 1151 3312 νῷ
1179 3227 1336 3303 consistit,

270 3351 347 3394 nem
371 3339 432 3399 τὸν
453 3336 532 3399 νοῦν
556 3332 717 3415 scripture
741 3349 832 3394 sacre
856 3331 1027 3415 significet,
1057 3351 1133 3397 cum
1158 3332 1249 3396 dicit:
1282 3337 1337 3399 καὶ

270 3521 481 3529 ---—-——-——-·

378 3607 438 3676 1)c
378 3605 456 3660 lot
477 3605 511 3658 de
529 3604 612 3674 plant.
631 3605 664 3659 N
684 3605 733 3672 HI
746 3604 845 3659 9οΡ,,
870 3628 902 3659 vo
901 3628 950 3676 ιοο
968 3605 998 3659 δὲ
1015 3605 1097 3663 ἀΐδιος
1115 3607 1185 3661 θεοῖ
1202 3629 1250 3661 Ιτσυ
1245 3611 1335 3662 ›aiot-

270 3704 326 3751 νιόυ
341 3694 374 3749 τὸ
393 3686 563 3765 ὅγυρώρατον
581 3701 623 3748 καὶ
640 3691 852 3762 βεβαιότατον’
842 3699 947 3765 ἔρεισμα
971 3695 1028 3748 τῶν
1046 3691 1116 3748 ὅλων
1134 3701 1215 3778 ἐστι’-ι
1255 3697 1338 3754 iloto·

270 3777 322 3840 ἀπὸ
340 3785 398 3839 τῶν
415 3789 504 3854 μέσων
522 3788 565 3836 ἐπὶ
582 3781 617 3836 τὰ
630 3789 756 3854 πέρατα
743 3790 785 3836 καὶ
803 3773 854 3836 ἆπι
869 3784 926 3836 τῶν
944 3780 1033 3855 ἅκοων
1052 3789 1094 3837 tut
1106 3806 1141 3837 τα
1158 3773 1224 3855 μέσα
1246 3789 1337 3842 taline

270 3871 438 3941 (λολιγεόα
409 3895 458 3926 τον
475 3871 522 3940 τῆς
540 3869 642 3944 φύσεως
666 3862 804 3943 δρόαον
790 3893 933 3940 αιγττητοι,
956 3868 1079 3944 συνάγων
1103 3873 1138 3928 τὰ
1159 3881 1224 3948 μέυι
1247 3873 1335 3930 πάντα

270 3969 310 4014 καὶ
329 3968 456 4034 σφίγγανν,
540 4012 541 4015 ,

377 4050 404 4120 2)
422 4050 463 4103 De
482 4049 544 4118 opii.
563 4067 599 4103 m.
617 4049 647 4104 P.
667 4050 688 4119 Ι,
699 4049 742 4104 58.

376 4137 404 4207 3)
422 4137 452 4190 L.
472 4154 492 4191 s
512 4137 605 4207 L268.

377 4226 407 4295 4)
426 4226 458 4278 cf.
478 4225 579 4281 Philos.
598 4227 684 4281 Lehre
703 4244 756 4282 von
776 4229 827 4281 den
846 4227 996 4297 glittlichen
1015 4227 1126 4282 Krttlton
1144 4246 1170 4298 p.
1185 4229 1226 4284 58.

377 4315 404 4382 5)
424 4315 456 4367 cf.
476 4315 527 4368 Die
546 4315 632 4369 Lehro
651 4333 713 4370 vom
732 4316 818 4384 Logos
836 4318 865 4370 in
885 4318 933 4370 don
951 4317 1138 4384 griechischen
1152 4317 1332 4388 Philosophio.
