3260 5206
730 442 771 505 27

215 662 310 727 saepe
332 644 368 704 in
392 641 553 724 scriptura
572 659 663 704 sacra
686 638 835 722 legimus,
858 659 877 702 3
896 636 1033 701 Philone
1055 640 1278 700 numerantur.

214 746 278 812 His
309 747 443 831 angeliS,
470 747 588 811 animis
615 746 813 830 incorporeis
845 749 943 828 atque
969 745 1005 807 in
1033 748 1106 808 3333
1132 743 1279 814 habitan-

214 854 314 935 tibus,
333 854 414 917 deus
430 855 568 937 negotia,
587 872 671 935 quae
689 854 759 937 ipse
776 853 941 936 suscipere
956 870 1023 914 non
1038 855 1170 934 poterat,
1193 870 1279 914 com-

213 963 310 1024 331311.
356 959 396 1023 13
416 959 498 1022 duas
522 956 766 1023 distribuuntur
788 960 915 1024 3133333.
961 957 1065 1020 Alteri
1087 958 1123 1020 in
1147 976 1281 1041 corpora

138 1144 140 1148 Ι
213 1067 361 1130 mortalia
401 1064 564 1129 invadunt
605 1084 738 1130 sursum
781 1067 954 1130 enitentes¹
987 1067 1084 1147 atque
1127 1065 1279 1128 deorsum

214 1173 376 1237 elabentes
399 1173 489 1236 etin
511 1169 623 1234 infimo
652 1176 725 1236 3333
752 1172 914 1251 habitant3
944 1171 1044 1254 alteri,
1073 1173 1130 1256 qui
1157 1173 1277 1255 proprii

129 1280 131 1282 ’
215 1283 292 1343 3331
315 1279 432 1363 angeli,
457 1279 532 1362 puri
561 1297 598 1340 ac
621 1279 742 1342 virtute
764 1279 910 1363 praediti,
938 1279 996 1362 qui
1019 1279 1105 1343 oculi
1129 1283 1160 1343 et
1183 1298 1279 1343 33333

214 1387 361 1450 numinis
383 1386 520 1451 maximi
539 1385 740 1468 judicantur,
768 1388 826 1470 qui
852 1386 1082 1450 intercessores
1110 1406 1147 1450 3ο
1170 1387 1279 1452 333111

215 1493 266 1556 dei
294 1493 515 1574 nominantur,
542 1510 625 1575 quos
651 1492 834 1577 philesophi
860 1496 1174 1579 333331-δοίμονας,
1199 1495 1278 1557 3331-

213 1603 310 1684 ptura
337 1618 415 1662 vere
440 1589 531 1664 sacra
563 1599 729 1686 ἀγγέλους,
760 1600 890 1664 33113333
921 1604 1041 1666 133331.
1087 1600 1133 1664 Η1
1164 1601 1280 1686 angeli,

214 1712 402 1798 λειτουργοί
424 1707 478 1771 vel
497 1707 651 1795 δυνάμεις
672 1707 942 1796 ὑπηρετούμοναί,
967 1707 1152 1772 Abrahame
1173 1708 1279 1792 333313

214 1816 360 1879 humana
370 1814 479 1878 induti
492 1819 714 1899 apparuerunt
725 1813 915 1898 Mosemque
932 1815 1160 1898 sepeliverunt.
1184 1813 1279 1878 sium

213 1924 249 1985 in
272 1926 442 1986 aeternum
470 1921 640 2005 expellunt
667 1926 708 2000 et,
737 1926 775 1986 ut
798 1921 1001 1985 Gfroererius
1009 1921 1028 2002 ¹)
1054 1925 1157 2005 putat,
1184 1923 1279 1985 vivae

214 2033 293 2094 3331
322 2029 417 2092 vires.
470 2027 510 2092 13
545 2048 682 2093 numero
719 2029 909 2113 angelorum
945 2027 1093 2092 diabolus
1128 2048 1195 2092 333
1231 2032 1280 2092 331

212 2135 391 2200 habendus.
1107 2207 1108 2210 Ἴ

270 2265 273 2270 “
301 2242 473 2327 Inquirere
496 2243 591 2306 nobis
611 2245 679 2325 jam
701 2242 806 2324 113331,
829 2262 928 2325 quam
952 2261 1028 2305 cum
1050 2243 1101 2306 his
1125 2241 1278 2306 omnibus

217 2349 345 2412 viribus
360 2350 486 2431 mediis,
502 2348 542 2412 de
558 2349 679 2433 quibus
696 2350 850 2430 3113313333,
867 2350 966 2434 λόγος
980 2347 1097 2412 habeat
1110 2351 1277 2412 rationem.

215 2455 422 2540 Quamquam
445 2455 539 2519 Philo
564 2456 603 2520 de
626 2457 687 2520 hac
709 2475 744 2520 re
767 2456 887 2520 multas
911 2476 949 2520 33
972 2456 1117 2520 diversas
1143 2456 1279 2540 33313111

214 2565 392 2629 3331331133
427 2582 611 2647 parumque
647 2563 710 2627 sibi
745 2565 815 2647 ipse
849 2563 980 2626 videtur
1011 2568 1163 2628 constans
1198 2583 1279 2646 esse,

213 2675 356 2734 attamen
388 2674 524 2753 constat,
552 2669 656 2755 λόγον
688 2689 730 2733 ex
762 2671 922 2733 sententia
953 2669 1102 2736 Philonis
1134 2673 1277 2756 primum

213 2798 314 2842 unam
337 2798 408 2842 esse
432 2775 611 2864 δυνάμεων,
636 2777 752 2840 deinde
769 2777 916 2840 omniurn
932 2776 1140 2860 complexum
1154 2783 1277 2863 pestre-

211 2904 331 2968 moque
376 2885 622 2950 concedendum
660 2875 728 2966 est,
768 2884 868 2969 λόγον
908 2883 1061 2948 omnibus
1100 2885 1278 2974 δυνάμεσιν

212 2996 383 3076 333331333.

302 3099 441 3163 Etiamsi
454 3098 552 3184 λόγος
562 3099 654 3163 nullo
667 3100 737 3164 loco
751 3099 890 3184 δύναμις
899 3101 1045 3180 vocatur,
1056 3103 1164 3164 tamen
1176 3121 1277 3165 unam

213 3225 284 3271 3333
317 3206 486 3294 δυνάμεων
512 3210 580 3290 jam
616 3225 658 3269 ex
691 3205 747 3270 illo
780 3209 930 3292 sequitur
963 3209 1048 3292 loco,
1083 3228 1148 3292 quo
1183 3208 1277 3273 Phile

211 3318 339 3398 praeter
367 3315 440 3379 illas
475 3314 667 3399 praecipuas
703 3314 857 3402 δυνάμεις
888 3316 949 3397 τὴν
981 3314 1188 3401 arcuatam
1221 3323 1277 3384 καὶ

213 3424 372 3504 ἐξουσίαν,
404 3423 532 3485 tertiam
557 3419 697 3506 δύναμιν
721 3422 862 3486 declarat
884 3423 1022 3509 λόγονῆ
1068 3423 1172 3509 Magis
1199 3445 1277 3489 vcro

211 3529 298 3594 valet
320 3528 491 3614 explicatio
515 3528 578 3592 1331
601 3527 698 3592 Num.
722 3528 870 3613 XXXV,
894 3532 923 3613 6,
950 3529 1008 3594 ubi
1039 3530 1277 3596 (133331331-

212 3747 424 3754 *—

319 3847 345 3916 1)
364 3845 394 3904 L.
413 3845 552 3916 o.1,368.

319 3935 346 4004 2)
364 3935 406 3988 De
428 3935 536 3992 cherub.
561 3935 597 3993 M,
622 3936 685 3990 144:
719 3934 806 4008 Ἔλεγε
832 3936 864 3991 δέ
882 3958 934 4007 μοι,
959 3935 1028 3992 κατὰ
1051 3935 1100 3990 τὸν
1122 3943 1170 3990 ἕνα
1193 3935 1278 3995 ὅντως

211 4022 279 4077 ὄντα
299 4021 367 4078 θεὸν
384 4020 432 4078 δύο
451 4023 497 4080 τὰς
515 4015 648 4078 ἀνωτάτω
660 4026 727 4079 εἶναι
744 4033 786 4079 καὶ
797 4021 907 4096 πρώτας
919 4025 1045 4097 δυνάμεις,
1058 4017 1219 4097 ἆγαθότητα
1236 4035 1279 4080 καὶ

210 4112 338 4174 ἐξουσίαν,
375 4118 428 4166 Καὶ
451 4101 604 4184 ἇγαθότητι
626 4117 675 4183 μὲν
699 4113 731 4168 τὸ
755 4114 811 4168 πᾶν
835 4123 1022 4186 γεγεννηκέναι,
1047 4115 1150 4176 ἐξουσία
1173 4115 1201 4169 δὲ
1227 4117 1278 4171 τοῦ

211 4203 388 4272 γεννηθέντος
405 4198 490 4272 ἆρχεν.
532 4208 626 4272 Τρίτον
648 4201 677 4255 δὲ
698 4201 849 4274 σοναγαγὸν
874 4194 976 4276 ἀμφοῖν
997 4210 1080 4274 μέσον
1102 4205 1168 4258 εἶναι
1189 4201 1277 4276 λόγον·

213 4287 283 4364 λόγῳ
300 4289 351 4363 γὰρ
370 4297 412 4344 καὶ
429 4287 544 4362 ἄρχοντα
561 4296 604 4344 καὶ
621 4281 730 4367 ἀγαθὸν
748 4293 813 4346 εἶναι
831 4289 881 4346 τὸν
898 4291 975 4352 θοόν.
