3260 5206
700 449 814 516 31.

191 653 251 716 deo
282 654 412 735 gratum
443 649 495 729 sit,
525 645 757 730 cognoscant.¹)
809 643 850 706 In
882 640 1043 726 capitibus
1073 639 1202 702 10-12
1227 642 1259 702 et

192 757 323 819 16-18
338 755 497 840 populum
512 751 690 815 Judaioum
714 753 769 818 ὁιὰ
791 753 913 842 σοφίας
932 749 968 810 in
989 746 1164 811 solitudine
1187 764 1258 810 esse

191 864 329 927 ductum
360 862 509 946 legimus.
564 855 655 934 Quae
686 864 791 950 σοφία
821 856 957 941 angelus
988 858 1046 935 est,
1077 853 1135 936 qui
1163 853 1258 917 illum

190 970 350 1054 populum
380 972 471 1031 trans
506 983 596 1029 maro
626 963 765 1029 rubrum
792 966 940 1042 traduxit
972 969 1004 1029 et
1032 968 1123 1027 trans
1155 982 1258 1046 aquas

192 1077 311 1140 multas
326 1074 519 1155 transvexit,
535 1073 645 1136 hostes
662 1091 741 1136 vero
758 1074 829 1155 ejus
848 1071 1064 1136 inundatione
1081 1067 1257 1153 perdidit

191 1182 300 1247 Etiam
323 1183 363 1246 do
386 1181 483 1267 λόγῳ,
508 1198 567 1264 per
583 1197 681 1263 quom
702 1178 783 1244 deus
806 1180 916 1244 omnia
937 1178 1023 1260 fecit,
1044 1176 1100 1240 illo
1115 1177 1152 1238 in
1173 1175 1257 1239 libro

191 1291 307 1372 agitur.
353 1287 395 1350 In
418 1289 521 1373 eapite
543 1285 605 1368 IX,
629 1285 647 1347 1
671 1286 827 1369 legimus:
856 1289 916 1355 Θεέ
931 1291 1084 1373 πατέρων
1099 1285 1154 1350 καὶ
1168 1280 1258 1370 κύριε

195 1395 255 1457 τοῦ
290 1393 397 1467 ἐλέους
435 1413 505 1470 σου,
542 1388 561 1455 ὁ
595 1385 737 1468 ποιήσας
770 1386 812 1455 τὰ
848 1387 961 1456 ιτόντα
994 1395 1028 1454 ὲν
1065 1383 1152 1471 λόγῳ
1189 1408 1258 1451 σου.

191 1496 358 1581 Populum
380 1495 563 1592 Judaioum
582 1491 659 1562 οὔτε
686 1495 814 1581 βοτάνη
844 1495 922 1563 οότε
951 1493 1110 1582 μάλαγμα
1138 1491 1257 1582 ἐθερά-

191 1622 322 1676 πευσεν,
344 1599 416 1665 ’ἀλλ’
439 1598 457 1664 ὁ
482 1602 543 1665 τοῦ
564 1602 677 1684 κυρίου
699 1595 798 1682 λόγος
819 1597 838 1664 ό
859 1596 972 1665 πάντα
996 1595 1172 1683 ίόμενυςλ)

280 1703 333 1768 Ex
359 1703 507 1769 Philonis
531 1704 692 1768 sententia
716 1703 800 1767 duae
824 1709 903 1769 sunt
930 1705 1115 1788 sapientiae,
1146 1704 1258 1767 divina

191 1818 225 1877 ot
246 1813 399 1877 humana.
445 1810 782 1894 Humanasapientia
804 1811 894 1876 illius
916 1811 1047 1875 infirma
1070 1814 1119 1874 est
1141 1811 1257 1893 imago,

190 1919 314 1983 Divina
361 1919 519 2002 sapientia
567 1916 776 1980 solitudinem
820 1922 906 1981 amat
949 1923 981 1982 et
1031 1917 1118 2000 apud
1159 1916 1258 1980 deum

190 2026 349 2110 habitate)
388 2026 441 2090 Ex
455 2026 526 2089 loco
543 2023 679 2088 Genesis
698 2021 775 2106 XV,
799 2025 817 2087 9
842 2023 923 2088 deus
947 2023 1133 2088 Abrahamo
1158 2023 1255 2086 dixit:

101 2126 104 2134 ’
190 2126 289 2212 Λόβε
319 2154 378 2214 μοι
408 2127 551 2213 δάμαλιν
582 2126 810 2214 τριετίζουσαν
837 2129 893 2194 καὶ
920 2121 1000 2210 αἶγα
1031 2126 1258 2214 τριετίζουσαν

190 2237 248 2296 καὶ
270 2228 363 2317 κριὸν
387 2230 595 2316 τριετίζυντα
609 2231 665 2295 καὶ
690 2225 834 2315 τρυγόνα
855 2229 911 2293 καὶ
932 2224 1141 2316 περιστερόν.
1183 2231 1257 2317 Τρι-

190 2335 276 2421 γόνα
297 2335 390 2400 Philo
415 2336 568 2418 divinam,
590 2332 788 2422 περιστερόν
810 2335 991 2396 humanam
1010 2331 1108 2397 habet
1130 2334 1257 2418 sapien-

190 2445 281 2526 tiam,
310 2463 396 2525 nam,
427 2463 503 2524 oum
534 2444 646 2506 divina
675 2441 833 2526 sapientia
863 2443 901 2503 ut
930 2440 951 2520 ι)
974 2439 1104 2528 τρυγών
1131 2459 1258 2524 semper

191 2551 263 2615 sola
285 2551 328 2614 sit
350 2553 546 2641 (φιλέρνγμος
572 2549 592 2633 ἡ
615 2555 697 2619 θεία
725 2553 830 2638 σοφία
857 2546 912 2613 διὰ
943 2545 1003 2614 τὸν
1031 2545 1134 2624 μόνον
1156 2546 1257 2628 θεόν)

191 2661 292 2740 atque
315 2657 525 2723 solitudinem
548 2664 633 2724 amet
655 2656 815 2746 (μόνωσιν
836 2657 1035 2744 ἀγνοοῦσα),
1057 2656 1202 2719 humana
1220 2658 1259 2718 ut

193 2764 373 2856 περιστερά
395 2767 554 2850 gregatim
571 2765 669 2848 volat,
690 2767 726 2828 in
749 2763 888 2828 urbibus
912 2781 947 2828 se
966 2765 1067 2845 jactat
1089 2763 1257 2826 convictu-

193 2893 258 2958 que
280 2873 453 2936 hominum
474 2872 602 2957 gaudet.
1117 2881 1118 2884 ’

282 2979 447 3064 Sapientia
469 2979 590 3062 divina,
616 2979 763 3043 numinis
792 2977 943 3063 supremi
963 2996 1059 3058 uxor,
1084 2978 1187 3038 mater
1210 2980 1259 3038 est

193 3087 342 3151 omnium
371 3105 491 3168 rerum,
525 3106 585 3149 arx
620 3091 652 3150 et
686 3085 887 3149 domicilium
921 3082 1042 3146 domini
1079 3079 1258 3166 supremi,⁵)

193 3194 340 3258 effectrix
362 3189 503 3275 mundi⁶)
527 3197 559 3256 et
581 3195 641 3277 vis,
669 3213 734 3277 qua
760 3190 906 3255 mundus
930 3193 1058 3253 oreatus
1082 3193 1140 3252 est.
1192 3187 1258 3257 Τὸν

192 3299 320 3389 κόσμον
340 3299 463 3385 νοητὸν
483 3300 520 3362 in
535 3319 570 3364 se
586 3300 745 3383 recipiens
769 3315 911 3380 eumque
930 3297 967 3358 in
989 3295 1113 3359 mundo
1136 3295 1258 3360 visibili

302 3571 329 3641 1)
348 3571 412 3640 Cap.
431 3571 456 3640 9,
475 3571 517 3629 10.

300 3660 328 3730 2)
348 3659 412 3729 (lap.
431 3659 473 3730 10,
493 3659 535 3727 18,
555 3658 597 3716 19.

300 3750 327 3818 3)
347 3748 410 3817 Cap.
430 3748 533 3815 16,12.
626 3743 629 3748 ¹
736 3747 742 3763 ⁶

300 3837 328 3907 4)
347 3835 415 3903 Quis
434 3852 485 3894 rer.
505 3837 530 3894 d.
549 3835 576 3893 h.
597 3851 619 3893 s.
637 3835 674 3893 M.
693 3835 716 3906 1,
734 3835 796 3893 490.

301 3926 329 3996 5)
348 3925 389 3978 De
407 3940 553 3994 congressu
570 3941 659 3994 quaer.
680 3925 754 3978 erud.
774 3924 860 3994 gratia
877 3922 912 3976 M.
931 3921 954 3993 I,
967 3921 1033 3976 536:
1051 3926 1133 3993 σοφία·
1145 3918 1174 3973 δὲ
1192 3911 1257 3988 αὐλὴ

192 4022 236 4068 καί
252 4009 388 4084 βασίλειόν
404 4019 461 4067 ἐστι
477 4013 528 4067 τοῦ
545 4011 727 4086 πανηγεμίνος
744 4020 786 4066 καὶ
806 4009 891 4082 μόνον
908 4010 1034 4081 βασιλέως
1055 4000 1257 4080 αὐτοκράτορσι.

302 4104 329 4172 6)
347 4103 388 4158 Do
406 4103 472 4171 prof.
491 4103 514 4171 I,
532 4103 612 4158 5622.
630 4100 719 4176 σοφία,
742 4100 776 4157 δι’
799 4088 829 4170 ἧς
851 4097 887 4152 τὰ
909 4095 959 4154 ὅλα
980 4087 1065 4166 ἦλθον
1087 4100 1122 4154 εἰς
1143 4103 1259 4169 γε’νεσιν;

194 4193 262 4248 5602
290 4196 358 4265 ἔργῳ
382 4189 411 4244 dd
433 4186 448 4245 ὁ
472 4193 536 4259 θείᾳ
560 4199 641 4266 σοφίᾳ
664 4189 867 4262 δημιουργηθεὶε
889 4184 985 4258 κόσμος
1006 4183 1087 4252 dietam
1116 4187 1187 4256 quod
1205 4186 1257 4240 dei.

193 4283 249 4352 pot.
268 4281 319 4339 ins.
332 4296 353 4334 s.
372 4279 403 4337 P.
415 4281 451 4351 H,
464 4280 530 4339 1822
547 4286 648 4353 μητέρα
661 4279 691 4332 δὲ
708 4277 759 4333 τόν
770 4286 870 4353 σοφίας,
883 4276 916 4330 δι’
930 4263 960 4346 ἧς
972 4267 1137 4345 ἇιιετελιλτθη
1149 4274 1181 4328 τό
1194 4275 1257 4334 πᾶν.
