3260 5206
714 460 757 524 25

200 651 293 740 όίρχοι
313 653 333 732 ἡ
356 650 519 736 ποιητική,
541 655 625 719 καθ’
647 648 688 732 ἢν
711 651 728 717 ὁ
751 654 856 717 ποιῶν
871 647 958 735 λόγῳ
976 653 1035 717 τὸν
1049 647 1174 735 κόσμον
1196 653 1264 731 ἐδη-

202 752 390 842 μιούργησε·
419 759 556 844 δευτέρα
584 755 618 820 δὲ
639 752 659 832 ἡ
681 750 847 837 βασιλική,
874 754 957 818 καθ’
978 747 1018 832 ἣν
1040 750 1057 819 ὁ
1080 750 1266 833 πεποιηκὼς

200 857 293 947 όρχει
306 864 376 944 ,τοῦ
396 861 583 944 γενομένου·
608 859 705 943 τρίτη
728 853 796 934 deri
819 851 927 931 ὕλεως,
951 855 991 920 δι’
1012 845 1052 935 ἧς
1073 853 1091 921 ὁ
1115 858 1266 942 τεχνίτης

202 965 356 1051 οἰκτείροι
370 965 426 1029 καὶ
441 962 524 1026 ἐλεεῖ
545 954 585 1024 τὸ
609 955 695 1023 ίόιον
711 959 817 1045 ἔργον·
840 954 984 1047 τετάρτη
1007 959 1041 1022 δὲ
1055 955 1265 1042 νομοθετική
1322 963 1325 972 “

200 1084 310 1161 μοῖρα,
334 1073 375 1139 δι’
402 1063 441 1153 ἧς
467 1066 555 1154 όίμὴ
572 1066 635 1156 χρὴ
657 1073 817 1153 γίνεσθαι
843 1067 1049 1158 ἀπαγορεύει.
1095 1061 1168 1126 Ηθθ
1194 1063 1265 1126 10⁰0

202 1180 241 1244 de
263 1180 451 1263 municipiis
475 1177 595 1262 agitur3
626 1177 663 1240 in
686 1176 808 1260 quibus
836 1195 878 1242 ox
897 1179 973 1260 jure
997 1173 1139 1240 Mosaioo
1161 1171 1265 1233 homi-

201 1286 282 1350 cidis
310 1305 377 1349 non
407 1283 600 1349 voluntariis
629 1287 697 1348 erat
727 1283 857 1365 asylum
884 1275 1159 1368 praesidiumque.
1204 1276 1266 1340 Illa

200 1393 379 1475 municipia
402 1411 443 1456 ex
467 1390 629 1456 sententia
650 1390 832 1474 philosophi
855 1389 937 1453 nihil
960 1387 1049 1452 aliud
1073 1383 1266 1470 significant,

201 1499 266 1563 nisi
289 1517 349 1562 sex
372 1489 535 1578 δυνάμεις.
578 1494 690 1561 Prima
712 1495 810 1582 λόγος
831 1501 887 1561 est.
931 1495 1065 1562 Praeter
1081 1493 1164 1574 illas,
1183 1510 1265 1574 ques

198 1608 266 1690 jam
282 1599 557 1682 enumeravimus,
575 1599 714 1689 δύναμιν
735 1601 912 1686 ποιητικήν
934 1606 966 1666 et
979 1597 1164 1685 βασιλικὴν,
1183 1596 1265 1660 aliae

201 1715 295 1776 suut:
320 1710 460 1796 δίναμις
480 1708 692 1795 προνοητικὴ,
713 1703 924 1796 νομοθετική
947 1712 979 1772 et
999 1710 1098 1782 ἵλεως.
1142 1702 1265 1766 Ultima

199 1819 330 1883 iliarum
354 1839 413 1884 sex
437 1817 605 1904 δυνάμεων
625 1817 687 1880 hoc
709 1817 779 1880 loco
794 1836 862 1880 non
883 1819 932 1880 est
946 1813 1119 1877 nominata
1164 1809 1265 1872 Haud

201 1925 267 1990 scio
291 1946 334 1988 an
358 1927 400 1992 sit
422 1924 560 2011 δύναμις
581 1923 842 2012 προστάττουσιν
864 1921 886 1990 ἃ
907 1926 965 1992 δεῖ.

123 2109 125 2114 ,
288 2026 359 2096 Hae
383 2031 545 2118 δυνάμεις,
570 2051 779 2115 quamquam,
802 2049 886 2114 quae
902 2029 1043 2094 conditio
1062 2026 1147 2088 inter
1166 2023 1265 2087 deum

200 2142 232 2202 et
254 2139 417 2204 mundum
438 2139 625 2219 intercedat,
652 2158 719 2201 non
740 2139 836 2222 plane
858 2137 1013 2218 indicant,
1035 2153 1083 2200 ,ex
1106 2131 1267 2196 sententia

198 2243 346 2311 'Philonis
370 2266 441 2311 esse
463 2248 550 2310 vires
570 2246 674 2327 vivas,
698 2243 901 2310 Gfroererius
909 2245 928 2326 ¹)
952 2263 994 2308 ox
1021 2241 1101 2305 loeis
1125 2237 1164 2304 de
1186 2237 1263 2322 ling.

200 2351 282 2415 conf.
305 2350 341 2415 P.
367 2353 445 2418 374:
471 2351 531 2431 τὰς
558 2353 712 2440 δυνάμεις
739 2359 859 2423 ἑαυτοῦ
886 2351 942 2420 ὃιόι
963 2359 1022 2438 γῆς
1047 2356 1102 2418 καὶ
1130 2350 1263 2433 ὕδατος,

200 2450 296 2540 όιὲρος
325 2459 437 2522 τεκαὶ
461 2454 603 2546 οὐρανοῦ
627 2457 744 2534 τείνας,
773 2463 871 2546 μέρος
891 2454 987 2522 οὐδὲν
1010 2461 1130 2544 ἔρημον
1151 2457 1265 2528 ἀπολί-

201 2555 296 2621 ίοιπε
319 2560 380 2622 τοῦ
401 2555 537 2644 κόσμου,
566 2555 678 2625 πάντα
700 2560 735 2624 δὲ
760 2555 955 2643 συναγαγὼν
977 2556 1032 2624 διὰ
1051 2557 1188 2626 πάντων
1209 2557 1264 2625 όιο-

200 2662 316 2750 ράτοις
345 2667 478 2756 ἔσφιγξε
507 2664 648 2754 δεσμοῖο,
677 2673 733 2734 ἵνα
765 2667 894 2754 μήποτε
922 2671 1053 2750 λυθείη,
1086 2707 1126 2716 -
1159 2669 1191 2729 et
1225 2665 1264 2728 de

200 2771 393 2857 Migratione
416 2773 596 2838 Abrahami
618 2773 653 2838 P.
678 2773 737 2856 III,
760 2775 836 2856 494,
858 2774 917 2838 ubi
940 2774 1034 2838 Philo
1058 2775 1145 2855 dicit
1168 2775 1264 2840 δονά-

199 2905 271 2966 μεις
287 2881 516 2963 ossovinoula,
534 2900 618 2965 quae
634 2881 796 2945 mundum
813 2882 1016 2946 circumdent
1027 2887 1058 2945 et
1070 2881 1265 2962 contineant,

199 2991 271 3049 tum
295 3005 337 3049 ex
359 2986 421 3054 illo,
442 2988 512 3051 loco
537 2987 576 3052 de
603 2989 671 3052 vita
693 2987 881 3072 Abrahami,
912 3008 977 3072 quo
1001 2988 1041 3052 de
1063 2986 1169 3050 tribus
1191 3005 1263 3070 per·
1308 3047 1311 3054 .

200 3095 298 3176 sonis,
311 3113 395 3177 quae
406 3093 591 3159 Abrahamo
604 3100 834 3180 apparuerunt,
850 3099 881 3159 et
901 3095 940 3159 de
955 3095 1091 3159 interitu
1107 3092 1264 3158 Sodomae

200 3204 231 3264 ot
255 3199 429 3264 Gomorrae
451 3203 568 3285 agitm,
589 3201 726 3286 probaro
748 3203 828 3267 vult.

289 3305 615 3371 Commemorandum
635 3329 767 3393 quoque
782 3309 877 3374 nobis
894 3313 951 3392 est,
966 3307 1137 3372 Philonem
1154 3325 1263 3390 saepe·

200 3434 337 3479 numero
360 3433 455 3500 agere
478 3414 518 3478 de
541 3414 662 3500 λόγοις,
684 3416 724 3480 de
746 3417 829 3481 ideis
848 3420 880 3481 ot
902 3416 942 3479 de
965 3414 1097 3499 angelis.
1143 3412 1262 3477 Videa-

199 3541 284 3604 τηατ,
307 3522 387 3605 quid
410 3520 503 3586 Philo
528 3522 567 3586 de
590 3523 641 3588 his
665 3525 810 3588 senserit.

288 3628 433 3714 sapione,
457 3628 517 3712 qui
538 3629 574 3692 in
591 3630 715 3695 mundo
735 3631 833 3695 deum
856 3629 1036 3713 intelligere
1059 3645 1097 3690 ac
1120 3645 1263 3709 compre-

198 3733 340 3799 hendere
363 3735 444 3818 vult,
465 3733 577 3820 λόγοις
606 3734 783 3821 οοοοττίίί)
830 3735 958 3822 Optima
979 3735 1263 3820 pulcherrimaque

306 3875 332 3943 1)
351 3873 381 3928 n.
402 3891 424 3929 ο.
443 3875 464 3944 Ι,
485 3877 535 3930 151
555 3877 574 3930 f.

306 3963 333 4032 2)
351 3963 391 4018 Ι)ο
403 3965 522 4034 posterii
536 3965 613 4021 Caini
631 3965 668 4019 M.
686 3964 752 4019 229:
777 3963 812 4018 Τοὶ
830 3963 881 4038 γὰρ
897 3960 1026 4038 γεγονότα
1043 3959 1132 4019 πάντα
1149 3959 1262 4029 ὑποζεύ-

197 4052 242 4114 ξας
266 4051 354 4120 ἑαυτῷ
380 4059 523 4126 περιογεται
543 4058 592 4124 μὲν
615 4047 660 4108 ὑπ’
678 4044 792 4122 adderes,
820 4059 959 4124 ἐπιβέβηκε
985 4052 1014 4107 δὲ
1031 4053 1122 4114 πᾶσιν.
1155 4044 1262 4123 Ἐπιβο-

197 4138 286 4210 βηκιότ
311 4138 340 4194 δὲ
362 4148 405 4195 καὶ
426 4142 478 4204 ἐξω
503 4142 553 4197 τοῦ
580 4140 824 4216 όημιουργηθέντοο
841 4141 887 4208 τόν,
913 4133 991 4198 οὐδὲν
1008 4129 1092 4212 ἧττον
1109 4139 1262 4215 πεπλήρωκε

197 4227 247 4282 τόν
268 4225 369 4300 κόσμον
391 4231 496 4286 ἑαυτοῦ·
519 4229 562 4285 διὰ
585 4230 635 4304 γὰρ
659 4229 793 4302 δυνάμεως
814 4229 872 4304 άχρι
893 4229 1018 4305 περάτων
1039 4238 1131 4297 τείνας,
1150 4237 1263 4287 ἑκαστον

197 4313 300 4389 ἑκάστῳ
318 4318 385 4374 κατὰ
402 4319 465 4378 torio
482 4315 607 4394 ἁρμονίας
625 4317 717 4394 λόγους
734 4317 889 4395 σονόφηκεν,
