3260 5206
697 472 738 535 17

180 654 262 749 ἀρδη
276 661 332 723 καὶ
347 659 464 750 ιιοτίζρ
479 659 522 725 τὰ
536 658 682 746 ἀλόμτιια
695 664 751 727 καὶ
766 660 905 752 οὐράνια
920 667 1109 756 φιλαρέτων
1124 671 1242 752 ψυχῶν

178 757 401 844 βλαστήματα
431 763 486 826 καὶ
512 758 613 852 φντά,
639 763 759 830 ὡσανεὶ
785 761 996 851 παράδεισον.
1041 765 1079 832 ‘0
1100 768 1135 832 δὲ
1157 767 1242 856 ἱερὸς

179 852 279 936 οὗτος
299 860 615 951 λόγοςιάφορίζεται
637 871 687 942 είςΙ
705 872 870 954 τέσσαρας
892 864 1003 954 ἀργός,
1033 869 1116 952 λέγω
1140 870 1174 934 δὲ
1197 877 1242 945 είς

179 958 239 1038 τάς
268 969 429 1053 τέσσαρας
458 962 580 1052 ἀρετὰς
607 967 761 1052 σχίζεται,
793 960 839 1034 ὧν
863 966 984 1051 ἑκάστη
1005 969 1138 1053 βασιλίς
1159 978 1241 1038 ἐστι.

183 1058 229 1127 Τὸ
258 1060 321 1147 γάρ
350 1061 578 1156 ἀφορίζεσθαι
607 1075 653 1144 εὶς
674 1066 777 1156 ἀρχὰς
800 1067 839 1135 οὐ
861 1081 1012 1146 τοπικοῖς
1036 1069 1134 1159 ὅροις,
1156 1070 1241 1138 ἀλλά

176 1165 332 1249 βασιλείᾳ
354 1170 468 1234 ἔοικεν·
491 1169 533 1235 ίν’
561 1168 658 1257 ὅρους
691 1170 854 1251 ἐπιδείξας
885 1167 943 1248 τάς
975 1169 1103 1259 ἀρετάς,
1137 1169 1242 1251 εὐθὺς

177 1263 333 1360 ἀποφήνῃ
354 1272 410 1334 καὶ
432 1270 493 1337 τὸν
503 1268 675 1359 χριόμενον
694 1269 813 1349 αὐταῖς
835 1271 951 1363 σοφὸν,
973 1275 1122 1357 βασιλέα,
1145 1300 1240 1361 κεχει-

177 1374 401 1453 ροτονημένον
412 1369 451 1437 οὐ
463 1368 546 1460 πρὸς
556 1371 760 1461 ἀνθρώπων,
776 1373 847 1440 ἀλλ’
861 1371 923 1441 ὑπὸ
937 1379 996 1455 τῆς
1006 1373 1174 1465 ἀψευδοῦς
1184 1381 1240 1443 καὶ

176 1475 362 1546 ἀδεκάστου
373 1482 429 1547 καὶ
439 1479 542 1566 μόνης
553 1485 732 1572 ἐλευθέρας
744 1481 883 1575 φύσεως.
905 1479 1064 1564 Virtute8‚
1072 1481 1240 1566 dequibus

175 1582 325 1648 hocloco
349 1586 466 1671 agitur,
489 1588 560 1652 sine
579 1589 678 1654 dubio
702 1590 777 1654 illae
792 1593 871 1654 sunt
892 1588 1031 1652 virtutes
1045 1589 1241 1673 principales

144 1678 147 1682 ’
177 1687 385 1774 Graecorum,
408 1696 573 1776 quaejam
588 1695 680 1760 Plato
695 1697 821 1760 laudat:
839 1695 1009 1788 φρόνησις,
1032 1697 1239 1791 σωφροσύνη,

175 1793 320 1883 ἀνδρεία,
336 1798 537 1882 δικαιοσύνη.
580 1801 703 1888 Λόγος,
720 1805 778 1886 qui
794 1804 923 1868 divitias
943 1823 1019 1868 suas
1042 1805 1078 1867 in
1100 1804 1239 1868 homini·

177 1899 238 1964 bus
266 1901 398 1984 exhibet
426 1909 523 1990 atque
555 1910 680 1973 animas
707 1911 829 1994 irrigat,
855 1912 961 1976 virtus
994 1916 1043 1975 est
1069 1913 1240 1995 generalis,

175 2011 286 2094 γενικὴ
319 2013 431 2101 ἀρετή,
466 2013 562 2077 radix
599 2016 747 2080 omnium
783 2019 953 2081 virtutum.
1013 2016 1240 2102 Unaquaeque

174 2118 304 2182 illarum
328 2121 490 2184 virtutum
506 2126 555 2185 est
576 2123 698 2206 regina,
720 2122 755 2186 id
772 2124 860 2207 quod
882 2123 976 2188 Philo
1000 2143 1043 2194 ex,
1064 2124 1135 2190 loco
1160 2124 1238 2190 Gen.

172 2223 216 2308 Π,
250 2227 301 2307 10,
334 2247 400 2310 quo
436 2227 475 2292 de
505 2227 642 2293 flumine
672 2230 709 2292 in
737 2230 887 2315 paradiso
922 2229 1022 2294 verba
1055 2232 1149 2324 fiunt,
1183 2234 1238 2298 de·
1322 2241 1329 2252 '

173 2336 354 2397 monstrare
392 2334 471 2396 virlt.
526 2332 636 2398 Verba
673 2335 824 2399 hebraica
865 2337 954 2402 illius
993 2356 1110 2403 versus
1148 2351 1236 2441 ,Ἶνῃγ

1155 2427 1162 2441 ⁰
1177 2428 1235 2460 ΤΤ.

173 2489 314 2606 ῃνργςρτη
330 2460 504 2612 ῃφέηςηβ
534 2491 630 2556 LXX
656 2494 858 2579 interpretati
882 2499 974 2559 sunt:
999 2502 1132 2570 ἐκεῖθεν
1153 2498 1237 2592 ἀφο·

173 2657 298 2743 ρίζεται
314 2664 358 2736 είς
374 2663 537 2745 τέσσαρας
551 2653 661 2744 ἀρχάς.
689 2653 743 2716 Ex
753 2654 879 2737 judicio
895 2654 1077 2741 philosophi
1099 2657 1238 2722 verbum

173 2762 298 2850 ἡάρχή
323 2763 497 2847 imperium
521 2760 692 2847 significat,
720 2780 786 2845 qua
809 2760 848 2825 de
871 2781 971 2826 causa
1000 2762 1075 2828 illae
1098 2764 1237 2829 virtutes

173 2869 275 2934 factae
290 2875 368 2935 sunt
382 2870 514 2953 reginae
530 2873 562 2932 et
580 2869 771 2951 quicunque
787 2885 900 2932 earum
919 2872 969 2933 est
982 2871 1153 2954 particeps,
1168 2890 1236 2935 rex.

260 3029 439 3113 Praecipue
470 3031 507 3092 in
538 3030 646 3093 anima
675 3028 817 3092 hominis
845 3027 944 3114 λόγος
970 3030 1039 3092 vim
1062 3049 1156 3094 suam
1179 3050 1236 3096 ex-

171 3140 271 3217 eroet;
297 3138 355 3220 qui
382 3137 448 3200 nisi
469 3137 506 3200 in
537 3138 678 3200 animam
705 3135 849 3218 intravit,
880 3136 976 3200 homo
1009 3138 1123 3220 nescit,
1156 3138 1236 3221 quid

170 3245 213 3310 sit
234 3243 369 3326 benum,
392 3243 473 3328 quid
488 3243 620 3307 malum.
654 3241 771 3326 Itaque
788 3243 932 3307 actiones
950 3243 1021 3324 ejus
1038 3243 1135 3327 culpa
1158 3248 1236 3309 sunt

169 3370 307 3432 vacuae;
332 3370 409 3414 nam
424 3350 618 3434 priusquam
635 3350 768 3413 auditur
782 3350 819 3412 in
836 3350 953 3433 anima,
976 3349 1073 3433 culpa
1088 3369 1236 3414 errorum

169 3458 295 3523 homini
319 3458 479 3541 assignari
494 3476 562 3521 non
577 3461 691 3541 petest.
726 3455 785 3521 Sin
808 3455 905 3542 λόγος
928 3456 1070 3540 animam
1092 3460 1131 3521 ut
1150 3457 1234 3522 lucis
1287 3521 1288 3526 ,

169 3565 283 3629 radius
310 3565 480 3648 ingressus
509 3567 567 3645 est,
593 3564 700 3646 home,
728 3563 809 3647 quid
837 3565 879 3628 sit
900 3563 1025 3628 bonum
1049 3567 1081 3628 et
1103 3564 1236 3647 malum,

170 3672 336 3758 cognoscit
364 3691 401 3735 ac
429 3692 529 3756 quam
562 3669 764 3734 itliberaiiter
800 3672 902 3755 egerit
936 3669 1020 3735 bene
1055 3670 1153 3734 videt
1199 3670 1236 3760 Si

168 3786 240 3844 tum
279 3782 405 3865 peccat,
443 3778 539 3863 culpa
576 3776 722 3862 procedit
760 3777 892 3842 omnino
931 3795 1000 3841 non
1038 3777 1233 3842 excusanda.

161 3883 243 3960 Ἕως
263 3886 323 3968 μὲν
344 3878 408 3968 γάρ
431 3880 449 3947 ό
464 3884 563 3956 θεῖος
584 3876 682 3964 λόγος
696 3885 741 3955 είς
757 3876 819 3960 τὴν
833 3877 945 3970 ψυχὴν
961 3879 1060 3966 ἡμῶν,
1075 3876 1233 3967 καθάπερ

168 3981 385 4061 τινάίστίαν,
408 3979 466 4048 οάκ
481 3979 632 4070 ἀφῖκται,
655 3978 768 4048 τιάντα
782 3980 885 4062 αὐτῆς
901 3978 944 4048 τά
959 3985 1038 4071 ἔργα
1052 3979 1234 4048 ἀννιταίτια

168 4136 303 4154 .....
314 4136 334 4152 ..
372 4083 477 4150 Ὅταν
499 4085 533 4150 δὲ
559 4087 697 4178 εἰσέλθῃ
719 4084 737 4152 ὁ
766 4081 869 4173 ἱερεὺς
890 4081 1004 4161 όντως,
1035 4087 1164 4170 ἔλεγχος
1185 4090 1232 4161 είς

166 4188 262 4270 ἡμᾶς,
296 4187 404 4276 ὥσπερ
437 4183 551 4276 φωτός
584 4210 635 4264 τις
667 4184 751 4271 αὐγὴ
777 4185 1020 4277 καθαρωτάτη,
1052 4190 1234 4266 τηνικαῦτα

167 4292 368 4381 γνωρίζομεν
401 4286 444 4354 τά
474 4294 709 4374 ὲναιιοκειμένα
733 4286 813 4373 ἡμῖν
843 4287 911 4356 οάκ
936 4287 1035 4374 εὐαγῆ
1070 4291 1111 4380 τῇ
1143 4292 1235 4383 φυγῇ

219 4419 223 4426 ’
1013 4415 1031 4468 2
