3260 5206
878 453 923 515 ‘22

364 646 720 736 ματα)ειση311]οοοῐο.
766 647 854 711 Ideis
872 649 1035 729 materiae,
1052 654 1092 742 τῇ
1113 648 1183 730 ὕλη,
1205 648 1342 711 formam
1361 668 1427 711 non

364 756 497 821 habenti
512 755 689 837 impressiS,
713 754 910 845 δημιουργός
924 755 1086 819 mundum
1101 755 1265 820 visibilem
1288 752 1426 841 (κόσμον

365 856 551 946 αἰσθητόν)
564 859 723 924 formavit.
768 861 832 927 His
842 862 925 926 ideis
937 860 1114 926 Platonicis
1130 861 1268 950 (κόσμος
1281 862 1425 948 νοητός),

367 984 451 1049 quae
484 967 739 1032 innumerabiles
768 973 855 1050 sunt,
889 969 988 1032 series
1017 973 1066 1032 est
1093 969 1263 1053 quaedam,
1295 971 1332 1032 in
1363 989 1428 1052 qua

365 1073 508 1137 minores
530 1074 622 1138 ideae
646 1093 773 1159 semper
794 1076 955 1156 maiorum
979 1080 1057 1139 sunt
1078 1074 1298 1140 fundamenta
1345 1074 1428 1139 (lum

365 1179 510 1242 mundus
538 1185 587 1243 est
613 1181 790 1265 mutabilis,
822 1180 896 1244 illae
929 1185 1007 1246 sunt
1036 1181 1256 1247 immutabiles
1288 1188 1320 1247 et
1351 1202 1428 1245 con-

366 1289 496 1350 stantes.
542 1285 687 1351 Maxima
708 1289 790 1364 idea,
818 1306 902 1370 quae
926 1307 1037 1353 omnes
1060 1288 1150 1354 ideas
1173 1291 1317 1353 continet
1340 1290 1428 1352 etin

342 1379 344 1384 ¹
367 1391 519 1485 omnibus
536 1400 695 1477 versatur,
716 1395 790 1459 idea
812 1393 890 1457 boni
906 1398 964 1474 est,
987 1401 1137 1478 quaeest
1160 1416 1259 1461 causa
1283 1396 1429 1459 omnium

366 1517 476 1562 rerum
500 1502 598 1582 atque
620 1502 714 1585 quasi
735 1501 783 1565 sol
805 1502 842 1564 in
864 1521 964 1585 regno
987 1503 1136 1567 idearum
1158 1502 1305 1566 habetur.
1340 1501 1430 1564 Inter

366 1607 449 1669 hanc
471 1607 578 1670 ideam
601 1609 778 1672 maximam
800 1612 832 1672 et
854 1627 978 1672 numen
1000 1610 1182 1673 maximum
1205 1609 1333 1673 nullum
1359 1626 1430 1672 esse

367 1713 542 1778 discrimen
565 1713 657 1778 Plato
680 1719 813 1799 putasse
835 1714 973 1778 videtur.

455 1821 530 1885 Jam
569 1841 668 1907 snpra
706 1822 868 1902 diximus,
907 1821 1005 1886 deum
1044 1843 1086 1888 ex
1124 1823 1271 1887 Philonis
1312 1823 1428 1886 doctri-

365 1950 408 1993 na
440 1934 514 1994 ante
548 1931 744 1993 creationem
771 1928 887 1992 mundi
913 1929 1052 1995 visibilis
1083 1931 1142 2000 τὸν
1163 1930 1288 2017 κόσμον
1308 1927 1430 2010 νοητόν

367 2036 504 2100 finxisse
529 2041 627 2120 atque
649 2037 686 2099 in
708 2034 831 2099 mundo
855 2036 994 2100 creando
1017 2039 1140 2102 visibili
1162 2037 1289 2102 viribus
1305 2036 1431 2116 mediis,

369 2163 410 2207 ex
439 2143 560 2226 quibus
587 2143 642 2207 ille
670 2141 793 2228 κόσμος
813 2141 933 2223 νοητός
961 2149 1095 2227 constat,
1127 2165 1226 2209 usum
1254 2165 1333 2209 esse.
1384 2149 1429 2211 At

368 2250 542 2338 ἀσώματοι
565 2250 725 2332 δυνάμεις,
751 2268 835 2332 quae
855 2271 874 2313 a
891 2249 950 2313 deo
971 2251 1042 2334 ipso
1059 2252 1300 2334 discernuntur,
1323 2252 1431 2333 deum,

370 2365 407 2424 ut
431 2361 565 2444 spiritus
590 2360 779 2440 servientes,
801 2361 839 2420 ut
863 2358 1034 2421 comitatus
1057 2360 1223 2442 principis,
1246 2361 1317 2442 ejus
1339 2377 1430 2442 prae-

369 2470 461 2550 cepta
484 2471 709 2550 exspectantes
726 2465 937 2528 circumdant.
976 2464 1066 2528 Inter
1087 2465 1185 2528 deum
1203 2465 1430 2547 mundumque

371 2578 450 2637 sunt
477 2572 600 2655 arbitri,
628 2572 716 2656 quod
743 2569 837 2634 Philo
870 2590 912 2636 ex
938 2571 1008 2634 loco
1041 2570 1176 2635 Genesis
1204 2570 1366 2653 XXVIII,
1391 2570 1430 2632 12

372 2679 545 2762 concludit,
568 2679 626 2743 ubi
650 2679 690 2742 de
714 2678 839 2741 somnio
862 2677 977 2742 Jacobi
1006 2682 1037 2742 et
1065 2677 1103 2742 de
1131 2678 1255 2762 angelis
1283 2678 1322 2742 de
1346 2677 1432 2742 scala

371 2787 457 2850 aeria
481 2784 754 2853 descendentibus
770 2803 907 2868 eamque
924 2784 1175 2849 ascendentibus
1196 2786 1336 2870 agitur.¹)
1371 2784 1432 2848 Dei

372 2898 450 2957 sunt
478 2893 641 2977 adjutores
670 2896 838 2981 συνεργοῖς
855 2892 948 2955 'deus
976 2910 1030 2955 eas
1058 2892 1134 2973 adit,
1167 2894 1194 2956 si
1223 2893 1302 2976 quid
1326 2893 1432 2956 facere

371 2999 477 3083 vulta)
523 2999 678 3064 Serviunt
705 3000 847 3062 maximo
877 2998 963 3079 duci,
995 2999 1052 3081 qui
1084 3000 1193 3062 omnia
1221 3001 1339 3082 optime
1367 3000 1431 3062 dis-

371 3109 488 3192 posuit.
540 3105 746 3189 Quamquam
774 3105 855 3170 deus
882 3110 972 3189 pater
1003 3107 1150 3169 omnium
1184 3107 1261 3170 satis
1294 3106 1356 3170 sibi
1384 3111 1433 3170 est

373 3220 471 3298 atque
495 3215 584 3278 omni
607 3213 731 3276 auxilio
755 3231 863 3276 carere
886 3215 1000 3294 potest,
1026 3216 1136 3276 tamen
1163 3213 1289 3277 viribus
1316 3213 1432 3277 mediis

372 3325 408 3386 in
433 3323 485 3386 his
509 3319 702 3402 actionibus,
730 3337 814 3401 qnae
842 3318 900 3381 deo
929 3319 993 3403 ipsi
1020 3339 1086 3382 non
1114 3321 1323 3402 conveniunt,
1349 3340 1432 3384 usus

373 3433 429 3493 est.
475 3428 571 3492 Modo
601 3427 766 3491 docendae
793 3443 892 3488 causa
924 3425 1098 3490 nonnullas
1131 3428 1274 3491 actiones
1305 3426 1432 3490 viribus

374 3537 436 3600 sibi
464 3536 604 3600 subditis
633 3535 714 3598 deus
742 3532 910 3595 concessit.
961 3531 1034 3614 Sed,
1063 3552 1104 3596 ne
1137 3534 1217 3616 quid
1245 3535 1282 3596 in
1309 3533 1432 3597 mundo

373 3644 431 3708 fiat
451 3645 563 3727 inepti,
589 3643 631 3706 iis
657 3639 839 3705 libertatem
861 3639 990 3723 plenam
1017 3658 1083 3701 non
1107 3639 1228 3721 dediti)
1274 3640 1319 3704 Ut
1341 3659 1433 3725 reges

374 3752 436 3836 ipsi
462 3751 546 3814 dona
568 3749 690 3834 gratiae
714 3747 790 3810 dare
814 3745 927 3828 solent,
950 3746 997 3809 sic
1019 3747 1055 3809 in
1077 3745 1128 3810 dei
1148 3751 1265 3812 natura
1284 3752 1333 3811 est
1348 3749 1433 3831 posi-

375 3863 457 3941 tum,
483 3858 603 3942 gratias
630 3853 854 3936 beneficiaque
881 3853 1025 3916 maxima
1046 3851 1199 3935 tribuere,
1228 3853 1319 3917 velut
1343 3854 1436 3936 dona,
1501 3931 1504 3936 Δ

482 4105 509 4174 1)
527 4103 567 4157 Βο
586 4101 702 4158 somni

528 4193 569 4246 De
586 4191 653 4246 conf.
672 4101 739 4258 lidg2.
741 4101 798 4244 233

483 4195 651 4352 dli
529 4282 569 4336 De
589 4280 657 4336 conl.
675 4279 740 4348 ling
759 4277 795 4338 M.
814 4278 875 4333 431.

998 4326 1191 4416 Α
