3260 5206
293 1587 419 1704 Erant
438 1641 675 1725 antiquissimis
699 1641 899 1724 temporibus
923 1642 1018 1706 multi
1043 1649 1141 1728 atque
1165 1645 1251 1708 docti

185 1749 259 1830 viri,
274 1768 415 1831 quorum
425 1751 558 1812 nomina
570 1751 638 1831 jam
650 1746 746 1810 multi
759 1749 929 1832 excipiunt
941 1752 1018 1813 anni
1030 1752 1252 1835 insequentes,

186 1875 328 1938 quornm
351 1857 470 1939 scripta
486 1855 581 1919 nobis
605 1857 708 1919 aetate
731 1853 967 1919 recentioribus
987 1858 1149 1921 maximae
1173 1861 1251 1921 sunt

185 1961 325 2025 1111111111.
379 1961 420 2025 In
454 1981 591 2026 numero
628 1963 789 2043 virorum,
829 1963 886 2044 qui
921 1962 1092 2027 scribendo
1127 1966 1251 2028 tantam

185 2071 326 2132 assecuti
343 2074 421 2133 sunt
436 2069 582 2154 gloriam,
595 2073 632 2132 ut
644 2070 712 2152 jam
727 2087 785 2152 per
801 2069 931 2132 saecula
945 2071 1102 2134 memoria
1116 2074 1250 2135 tenean-

183 2179 249 2258 tur,
278 2174 371 2239 Philo
402 2175 551 2240 Judaeus
578 2178 639 2252 ¹est
669 2173 850 2256 habendus,
885 2177 942 2259 qui
969 2195 1037 2239 non
1064 2178 1160 2242 modo
1188 2178 1250 2242 Ju-

184 2282 275 2346 daeis
311 2302 390 2346 suae
424 2283 551 2364 aetatis,
587 2282 643 2346 sed
682 2283 780 2345 etiam
815 2283 970 2348 ecclesiae
1006 2284 1250 2348 Alexandrinae

182 2387 333 2472 patribus
363 2393 519 2474 tanquam
542 2388 634 2454 Plato
665 2389 718 2453 vel
741 2381 823 2475 ἀνὴρ
845 2388 944 2462 θεῖος
964 2389 1138 2455 videbatur
1170 2410 1256 2455 esse.-

182 2496 233 2559 Ac
256 2495 349 2560 Philo
375 2495 516 2580 quidem,
543 2495 734 2579 parentibus
761 2495 909 2562 Judaicis
937 2502 1045 2580 natus,
1066 2497 1166 2562 frater
1190 2497 1250 2559 τοῦ

180 2596 771 2685 Ἀλαβάρχου,11111111111111110111111
780 2604 1251 2690 Alexandnnorum,tempori·

182 2712 248 2776 bus
268 2711 387 2775 Christi
408 2710 638 2794 Alexandriae,
662 2731 761 2794 quam
784 2712 901 2776 urbem
924 2708 1086 2795 ἡμετέραν
1103 2706 1250 2788 ’Altior-

184 2817 298 2902 dpetuv
318 2823 420 2900 vocat,
442 2819 549 2902 viguit
565 2821 597 2882 11
615 2837 700 2881 anno
720 2817 968 2904 quadragesimo
987 2842 1016 2904 p.
1034 2818 1105 2882 Ohr'.
1128 2819 1250 2884 ibidem

183 2930 333 2990 mortuus
357 2944 428 2990 esse
452 2924 579 2990 dicitur.

271 3027 394 3097 Priscis
426 3031 626 3116 temporibus
657 3032 811 3116 permulti
835 3032 965 3115 Judaei,
994 3032 1116 3116 quibus
1138 3035 1250 3118 impri-

184 3143 244 3205 mis
260 3141 467 3204 Ptolemaeus
486 3136 718 3224 Philadelphus
737 3139 936 3222 (ast-247)
952 3139 1091 3222 favebat,
1106 3141 1250 3205 Alexan-

186 3247 271 3312 driae
295 3248 406 3312 sedem
430 3265 467 3308 ac
491 3245 693 3309 domiciHum
717 3246 962 3310 collocaverant.
1010 3245 1083 3323 Qua
1110 3249 1146 3310 in
1169 3247 1251 3312 urbe

183 3359 215 3418 11
244 3353 363 3418 Judaei
396 3357 428 3416 11
460 3351 574 3416 Graeci
606 3352 646 3415 ad
677 3352 795 3434 studia,
831 3371 915 3436 quae
947 3351 1127 3418 Ptolemaei
1161 3357 1250 3439 regia
1315 3355 1316 3359 ’

181 3461 407 3525 munificentia
429 3458 696 3543 benignitateque
719 3458 858 3542 alebant,
886 3459 1058 3543 diligenter
1079 3461 1249 3526 incumbe·

182 3568 268 3650 bant,
291 3569 339 3633 sic
357 3566 450 3630 Philo
466 3566 626 3648 Judaeus,
649 3568 744 3649 cujus
764 3567 892 3649 scripta,
915 3585 934 3628 a
956 3564 1077 3629 Thoma
1097 3565 1247 3652 Mangeio

185 3674 279 3756 1742,
300 3673 451 3738 Pfeiffero
477 3671 662 3754 1785-95,
688 3671 839 3736 Richtero
866 3672 1040 3736 1828-30
1068 3673 1247 3738 1111111111-

180 3782 263 3844 nitio
282 3782 376 3861 edita,
397 3780 434 3842 in
454 3784 519 3842 tres
536 3778 739 3862 disponimus
754 3784 872 3862 partes,
893 3780 929 3842 in
945 3780 1065 3863 scripta
1080 3780 1119 3844 de
1134 3786 1246 3865 penta·
1379 3808 1384 3820 ·

180 3887 310 3969 teucho,
342 3888 377 3950 in
412 3888 531 3971 scripta
569 3885 609 3949 ad
642 3885 879 3969 philosophiam
912 3887 1108 3970 pertinentia
1144 3893 1177 3953 et
1210 3891 1246 3952 in

180 3995 302 4079 scripta
323 3993 460 4077 politica.

269 4099 477 4184 Quamquam
489 4100 609 4164 nostris
622 4099 823 4183 temporibus
836 4100 949 4181 multa,
961 4120 1045 4183 quae
1063 4103 1099 4164 111
1116 4104 1244 4187 scriptis

180 4207 326 4272 Philonis
365 4207 595 4288 inveniuntur,
639 4207 752 4270 multis
791 4206 947 4270 videntur
986 4226 1056 4272 esse
1096 4208 1244 4293 obscura,

185 4335 381 4401 quamquam
404 4313 551 4378 Philonis
583 4313 735 4398 allegoria
762 4333 799 4377 ac
826 4315 964 4398 penuria
992 4318 1243 4401 consequentiae
