3246 5210
895 473 938 537 20

380 665 528 729 doctriua
562 664 746 732 Stoicorum
777 669 875 756 λόγος
896 669 1004 760 ὀρθός
1029 671 1085 733 illa
1120 675 1170 734 est
1200 671 1282 733 ratio
1318 691 1444 734 summa

379 777 516 836 naturae
546 772 708 838 humanae
735 775 843 859 insita,
878 797 961 860 quae
987 776 1083 859 jubet
1109 796 1156 860 ea,
1186 796 1270 860 quae
1296 777 1443 841 facienda

380 884 468 963 sunt,
490 878 705 964 prohibetque
729 884 922 966 contraria.¹)

468 986 544 1051 Jam
567 1006 667 1071 supra
688 988 841 1072 vidimus,
864 989 965 1075 λόγον
986 1011 1006 1054 a
1029 991 1088 1054 deo
1110 991 1195 1053 mitti
1219 990 1260 1053 ad
1278 990 1442 1054 hominem

378 1087 549 1176 tuendum,
575 1095 790 1179 puniendum,
813 1098 1004 1162 sanandum.
1061 1095 1176 1160 Sanari
1198 1115 1275 1160 vero
1299 1102 1331 1160 ct
1352 1099 1442 1180 puri-

377 1201 468 1265 ficari
495 1202 621 1265 animae
648 1201 819 1266 hominum
840 1205 876 1267 in
903 1205 1019 1269 mundi
1043 1204 1181 1286 strepitu
1208 1221 1273 1267 non
1296 1208 1440 1287 possunt.

377 1307 468 1372 Deus
492 1314 524 1373 et
546 1309 644 1393 λόγος
665 1309 875 1374 solitudinem
891 1309 1033 1394 amanti)
1082 1309 1208 1372 Idcirco
1228 1310 1385 1404 homines,
1400 1329 1442 1374 ne

376 1416 413 1477 in
434 1417 515 1500 ipsis
537 1416 690 1481 libidines
714 1417 862 1480 oriantur
883 1437 966 1482 neve
989 1418 1208 1497 dominentur,
1232 1416 1442 1480 solitudinem

378 1541 534 1604 quaerere
553 1526 685 1609 oportet.
731 1523 772 1586 In
788 1526 930 1588 animam
945 1531 1108 1590 mortuam
1124 1524 1221 1610 λόγος
1241 1524 1363 1586 intrare
1375 1542 1441 1585 non

376 1634 489 1712 potest
535 1629 577 1693 Ei
610 1631 706 1694 modo
737 1649 808 1694 sese
840 1629 956 1695 hibuit
988 1633 1041 1696 vel
1076 1632 1177 1714 offert,
1211 1630 1268 1713 qui
1304 1649 1322 1691 a
1356 1630 1441 1691 vitae

377 1737 515 1820 strepitu
542 1742 687 1802 remotus
714 1742 842 1801 tantum
869 1739 956 1825 λόγῳ
978 1739 1062 1803 vivit
1087 1740 1217 1823 ipsique
1241 1736 1441 1800 domicilium

376 1843 444 1906 vita
467 1845 606 1908 ascetica
627 1845 752 1929 parati)
1074 1915 1076 1917 ,

466 1948 591 2015 Stoicos
619 1952 762 2036 denique
791 1954 830 2018 de
857 1949 944 2036 λόγῳ
976 1952 1164 2036 ὲνὸιοιθέτῳ
1186 1956 1218 2015 et
1248 1962 1442 2046 προφορικῷ

376 2056 527 2121 docuisse
555 2060 634 2123 satis
666 2063 759 2124 const
779 2064 799 2123 t.
856 2057 909 2121 Ex
947 2057 1129 2122 Stoicorum
1164 2059 1311 2126 doctrina
1344 2062 1442 2147 λόγος

283 2223 293 2244 ,
375 2163 575 2242 ἐνδιάθετος
595 2185 670 2250 pars
702 2169 752 2230 ost
777 2166 913 2229 rationis
940 2166 1110 2249 generalis,
1138 2185 1222 2249 quae
1249 2170 1284 2231 in
1310 2169 1441 2235 homine

374 2274 467 2336 inest.
515 2269 580 2347 Qui
614 2291 657 2336 ex
692 2273 852 2336 sententia
881 2269 1030 2336 ¹Zenonis
1057 2273 1130 2337 vuit
1172 2276 1441 2364 ὁμολογοομενος

374 2382 440 2462 ζῆν,
471 2377 531 2446 τὸν
552 2377 653 2464 λόγον
674 2377 886 2462 ἐνδιάθετον,
901 2379 922 2440 i.
939 2397 964 2442 e.
980 2383 1139 2445 rationem
1161 2383 1286 2447 homini
1307 2386 1439 2450 insitam

375 2489 469 2572 sequi
493 2471 595 2550 debet.
641 2483 677 2547 Si
699 2484 778 2548 hacc
796 2486 879 2548 ratio
901 2484 1011 2548 verbis
1035 2489 1238 2574 exprimitur,
1266 2493 1363 2578 λόγος
1391 2504 1438 2562 ςγ-

375 2577 538 2671 διάθετος
551 2591 589 2656 fit
599 2588 697 2676 λόγος
711 2589 950 2682 προφορικόςθ)
977 2586 1148 2658 Philonem
1165 2595 1249 2661 illud
1265 2599 1439 2667 discrimen

373 2707 460 2770 inter
474 2702 573 2789 λόγον
588 2700 789 2769 ἐνδιάθετον
805 2703 837 2764 et
852 2699 952 2786 λόγον
966 2705 1173 2794 προφορικόν
1187 2704 1333 2772 aStoicis
1350 2729 1438 2774 sum·

372 2814 477 2898 psissc
494 2813 620 2874 certum
635 2812 692 2872 cst.
720 2807 773 2871 Ex
789 2805 936 2872 Philonis
955 2808 1101 2886 doctrina
1118 2814 1154 2876 in
1170 2813 1300 2879 homine
1317 2817 1439 2901 duplex

248 2989 250 2992 ,
302 3011 303 3014 ¹
373 2923 423 2984 est
456 2893 579 3005 λόγος,Λ
596 2917 695 3004 λόγος
726 2917 924 2996 ἐνδιάθετος
957 2922 989 2981 et
1021 2921 1235 3015 προφορικός,
1270 2923 1325 2986 illc
1356 2927 1438 2988 ratio

372 3026 497 3090 homini
518 3027 627 3108 insita,
648 3025 702 3088 hic
717 3025 856 3089 verbum
880 3025 1012 3108 dictum,
1034 3029 1089 3092 ille
1103 3034 1261 3113 tanquam
1282 3030 1366 3114 fons,
1384 3032 1438 3095 hic

371 3137 529 3217 tanquam
551 3133 671 3234 exilio
695 3152 849 3199 emanans
872 3130 1030 3217 flumen.⁵)

479 3326 507 3395 1)
526 3326 580 3381 Cic.
600 3327 633 3380 de
650 3327 702 3396 leg.
720 3327 742 3396 Ι,
761 3327 785 3396 6,
806 3327 853 3396 133
871 3327 991 3382 Lectant
1009 3329 1072 3385 inst.
1090 3329 1137 3399 Vi,
1156 3329 1182 3385 8.

478 3415 507 3485 2)
525 3414 592 3481 Quis
615 3432 665 3470 rer.
691 3415 745 3470 div.
768 3415 841 3470 haer.
865 3431 885 3469 s.
909 3416 930 3484 1,
949 3415 1013 3471 490:
1037 3417 1176 3491 φιλέρηγιος
1198 3423 1248 3490 μὲν
1269 3413 1354 3492 γὰρὴ
1372 3423 1437 3476 θεία

371 3510 452 3577 σοφίοι
477 3501 521 3557 διὰ
547 3503 597 3559 τόν
624 3502 711 3574 μόνον
736 3503 807 3558 θεὸν
828 3490 860 3558 οἷ
884 3503 971 3575 κτῆμά
995 3510 1059 3569 ἐστι,
1083 3505 1136 3574 τὴν
1155 3505 1275 3578 μόνωσιν
1297 3501 1433 3582 sipontina.

371 3593 439 3646 Ibid.
460 3592 525 3647 506:
553 3587 637 3665 ὁγοὶρ
659 3593 730 3647 θεοῖ
753 3590 829 3664 λόγος
851 3593 989 3667 φιλόρηιιος
1010 3601 1052 3648 καὶ
1074 3595 1220 3665 μονωτιιιὸς
1246 3604 1276 3652 ἐν
1293 3597 1361 3668 ὄχλῳ
1378 3601 1437 3655 τῶν

291 3675 292 3680 ’
370 3685 571 3752 γενομενοιννοιὶ
582 3683 800 3755 φθαρησομενοιν
809 3673 865 3750 crixi
873 3679 1020 3756 φυρόμενος
1030 3675 1083 3737 cim
1094 3682 1152 3738 άνιν
1164 3687 1262 3758 φοιτᾶν
1270 3689 1438 3758 εἰσθισμςνος

370 3761 410 3822 ἀεὶ
426 3777 469 3823 καὶ
486 3772 525 3823 ἑνὶ
542 3760 643 3828 ι’παόός
660 3771 726 3824 εἶναι
742 3769 927 3840 μεμελετηκώς.

477 3859 507 3930 3)
525 3859 558 3913 de
573 3859 632 3914 vita
650 3859 804 3928 contempl3
823 3861 856 3914 dc
874 3860 958 3915 docui.
976 3859 1013 3930 IL
1032 3860 1093 3916 189.

442 3981 445 3987 ,
474 3948 503 4018 4)
522 3947 577 4004 Cic.
598 3949 638 4002 de
665 3951 719 4003 nat
743 3949 814 4004 deor.
832 3949 862 4002 H
879 3951 907 4004 et
928 3949 987 4018 1113
1013 3951 1046 4004 do
1068 3950 1234 4009 divinatione
1256 3957 1284 4008 et
1307 3956 1340 4010 de
1367 3957 1437 4026 fata

371 4037 404 4090 de
420 4037 520 4096 finibus
538 4037 586 4100 III¹
599 4041 627 4093 et
644 4038 674 4107 43
693 4040 726 4094 de
745 4040 812 4094 offic.
1219 4103 1221 4107 ,

476 4126 504 4195 5)
522 4127 563 4180 De
581 4127 631 4182 vil
648 4127 714 4183 Mos.
740 4129 762 4200 I,
781 4127 841 4184 154.
877 4133 907 4182 ἐν
928 4120 1069 4201 ἀνθρώπῳ
1094 4123 1154 4183 dii
1178 4135 1228 4201 μὲν
1245 4130 1343 4205 (λόγος)
1361 4139 1436 4191 ἐστὶν

370 4211 532 4281 ἐνδιάθετος,
555 4211 570 4270 ὁ
592 4215 622 4270 dd
645 4216 811 4291 προφορικός,
833 4223 875 4271 καὶ
895 4212 909 4270 c‘
934 4222 984 4288 μὲν
1007 4216 1050 4273 οἷά
1072 4241 1111 4276 τις
1134 4219 1213 4292 πηγὴ,
1236 4215 1251 4274 ὁ
1274 4219 1303 4273 δὲ
1319 4219 1436 4294 γεγονός

370 4297 416 4357 ἀπ’
435 4310 533 4359 ἐκείνου
552 4308 630 4376 ῥέων.
675 4305 752 4372 Quod
771 4308 823 4361 det.
850 4309 903 4376 pot.
923 4307 974 4362 ins.
993 4324 1014 4362 e.
1033 4307 1070 4364 Μ.
1090 4308 1153 4363 209:
1177 4309 1225 4377 τῆς
1247 4297 1295 4363 οὖν
1323 4308 1435 4377 ζωτικῆς
