3246 5210
837 495 877 558 12

320 694 430 756 omnia
450 694 574 756 hiantia
601 692 840 776 conglutinans,
867 697 899 756 et
920 691 1052 774 vocalis,
1080 712 1145 775 qua
1168 697 1383 757 consonantes

320 799 600 884 conjunguntur.¹)
646 799 790 880 Accedit,
817 799 905 882 quod
927 803 1032 862 rector
1055 804 1104 863 est
1127 804 1159 862 et
1182 799 1384 883 dispensator

322 909 559 988 universorum,
590 906 788 991 gubernator
823 906 916 969 navis
951 906 1076 988 mundi,
1111 905 1163 970 dei
1193 907 1229 968 in
1260 906 1382 969 mundo

320 1010 464 1097 ὕπαρχος
486 1019 517 1078 et
532 1014 783 1094 administrator,
799 1014 857 1096 qui
875 1017 1003 1095 terram,
1019 1032 1148 1096 aquam,
1162 1013 1282 1096 ignem,
1301 1018 1383 1095 adra,

321 1125 438 1206 omnia,
462 1123 604 1206 quaein
627 1121 677 1184 his
700 1120 844 1204 plantata
867 1122 965 1202 atque
981 1121 1057 1182 viva
1073 1121 1160 1200 sunt,
1181 1118 1285 1202 fulcit,
1308 1138 1383 1183 con·

319 1232 410 1312 tinet,
432 1224 593 1310 ordinat.²)

408 1337 519 1420 Atque
537 1355 604 1400 non
623 1339 751 1399 tantum
775 1336 979 1399 extrinsecus
1003 1336 1100 1419 λόγος
1120 1333 1281 1396 mundum
1298 1352 1383 1396 com-

318 1445 472 1528 plectitur
488 1461 629 1525 eumqua
649 1446 765 1523 servat,
788 1442 845 1506 sed
868 1443 965 1506 etiam
981 1460 1093 1506 omnes
1116 1443 1263 1524 penetrat
1286 1443 1383 1522 atque

319 1551 430 1634 implet
450 1570 512 1632 res,
535 1553 573 1611 ut
591 1548 673 1611 nihil
693 1549 763 1614 sine
781 1569 818 1612 eo
836 1550 970 1634 cogitari
988 1546 1124 1633 possit.³)
1154 1545 1232 1630 „Dei
1245 1545 1383 1610 verbum

320 1657 402 1718 nihil
425 1658 556 1720 omnino
580 1657 616 1717 in
634 1659 751 1719 natura
774 1656 932 1740 relinquit
954 1676 1097 1721 vacuum
1122 1655 1171 1736 (cf.
1196 1653 1325 1730 Quaest.
1348 1655 1384 1716 in

320 1762 424 1826 Exod.
447 1762 490 1844 Il,
515 1762 615 1843 515).ιι
661 1762 702 1825 ln
717 1763 896 1827 invisibilia
919 1764 1066 1826 omnium
1089 1781 1200 1826 rerum
1216 1764 1384 1846 ingressus

321 1874 370 1932 est
399 1869 567 1952 foramina,
598 1875 635 1932 ut
666 1885 794 1934 summa
824 1875 855 1934 ct
885 1868 986 1934 robur
1016 1870 1132 1934 mundi
1165 1871 1207 1934 sit
1237 1868 1384 1933 visibilis.

320 1974 523 2040 intrinsecus
543 1997 654 2042 omnes
679 1980 811 2060 speciae,
833 1996 953 2063 genere.
976 1983 1074 2061 atque
1098 1976 1227 2040 ordines
1250 1978 1385 2037 renovat

322 2088 353 2146 et
375 2084 518 2148 innovat.
565 2082 682 2166 Efficit,
708 2089 743 2147 ut
766 2085 871 2148 omnis
892 2089 1010 2148 natura
1032 2085 1159 2148 fructus
1182 2083 1264 2146 ferat
1287 2084 1384 2164 atque

322 2191 427 2253 omnis
451 2194 586 2254 naturae
616 2189 691 2256 finis
720 2212 795 2254 cum
822 2192 1007 2276 primordiis
1035 2190 1277 2275 primordiaque
1308 2207 1384 2251 cum

321 2298 385 2361 fine
409 2299 660 2382 conjungantur,
682 2299 802 2362 idcirco
827 2299 924 2384 λόγος
953 2304 1090 2364 vocatur
1118 2298 1216 2384 λόγος
1244 2321 1383 2382 σπερμα-

323 2398 422 2476 τικός.

410 2506 503 2570 Philo
527 2506 627 2592 λόγον
649 2527 719 2572 esse
747 2508 871 2594 ubique
900 2510 1181 2574 demonstraturus
1209 2527 1384 2571 eumcum

322 2633 401 2677 auro
432 2620 603 2698 comparat.
657 2615 787 2680 Aurum
817 2619 852 2680 in
885 2619 1093 2682 tenuissimas
1121 2613 1253 2679 extendi
1279 2619 1385 2697 potest

321 2721 508 2802 bracteolas,
542 2726 650 2785 tamen
682 2741 749 2785 non
785 2725 1012 2807 perscinditur.
1073 2723 1158 2787 Talis
1195 2721 1292 2807 λόγος
1328 2725 1384 2785 est.

321 2828 453 2911 Ubique
477 2848 547 2893 sese
564 2829 710 2893 extendit
730 2836 827 2914 atque
842 2833 877 2894 in
896 2833 1032 2895 minima
1053 2835 1143 2915 parte
1167 2834 1266 2893 totam
1290 2849 1383 2893 suam

320 2936 417 3000 habet
434 2938 515 3014 vim3
543 2941 579 3000 ut
595 2956 705 3001 semen
722 2938 883 3001 coriandri
901 2941 936 3001 in
952 2936 1207 3000 innumerabiles
1231 2936 1382 3000 distribui

320 3048 425 3128 potest
447 3044 632 3128 particulas,
656 3049 796 3108 attamen
821 3045 968 3130 singulae
998 3044 1202 3128 germinandi
1225 3046 1293 3107 vim
1316 3065 1383 3108 non

320 3150 471 3235 perdunt,
501 3153 548 3215 sic
579 3150 676 3237 λόγος
706 3153 741 3214 in
771 3153 916 3216 minimis
934 3151 1018 3216 'suis
1053 3151 1221 3234 particulis
1252 3156 1319 3215 tota
1348 3153 1382 3213 vi

321 3263 475 3322 actuosus
499 3278 569 3324 esse
592 3265 704 3344 potest.

429 3454 455 3522 1)
475 3454 508 3507 01.
528 3454 574 3524 qui
586 3471 636 3507 rer.
657 3454 711 3508 div.
729 3454 755 3506 11.
770 3469 790 3506 S.
810 3453 831 3524 I,
851 3453 914 3508 499:
932 3453 1016 3519 χαῦνα
1033 3451 1083 3524 γὰρ
1101 3449 1135 3505 τά
1147 3473 1176 3506 τε
1194 3450 1258 3504 dida
1275 3452 1303 3513 ἐξ
1320 3454 1381 3504 ἑαυ-

321 3544 384 3606 τοῦν,
404 3547 425 3596 εἰ
444 3542 472 3596 δέ
491 3565 543 3597 πον
561 3549 604 3596 καὶ
621 3543 765 3596 πυκνωθὲν
783 3544 829 3608 εἴη,
848 3539 917 3612 ldyp
936 3548 1055 3614 σφίγεται
1073 3543 1141 3608 daig)
1163 3539 1240 3595 udilo
1259 3538 1309 3614 γάρ
1327 3547 1383 3593 ἐστι

321 3641 362 3686 καὶ
380 3631 472 3701 δεσμὸς
490 3619 575 3691 οὗτος,
611 3627 625 3684 ὁ
645 3631 736 3703 ὃέἴρας
753 3638 795 3684 καὶ
813 3628 962 3703 σνννᾳήνοε
980 3637 1085 3702 ἕκαστα,
1107 3628 1205 3701 πλήρης
1222 3623 1301 3686 αὐτὸς
1319 3633 1380 3683 ἑαν-

321 3720 371 3774 τοῦ
388 3727 480 3791 κνριλοε
498 3721 578 3775 ἐστίν.

430 3809 457 3876 2)
476 3810 508 3862 cf.
529 3811 662 3864 1108011111.
681 3809 717 3864 Μ.
736 3810 757 3878 I,
777 3809 840 3864 655:
866 3808 897 3863 τὸ
916 3808 1087 3882 δ’ἐπίγραμμα
1105 3806 1223 3879 ἐμήνυεν,
1243 3805 1285 3862 ὅτι
1302 3803 1383 3878 μόνοι·

321 3903 417 3964 ἕστηκα
434 3895 494 3969 ἐγώ,
513 3907 555 3952 καὶ
578 3897 629 3966 τὴν
646 3897 758 3954 πάντων
776 3895 855 3969 φύσιν
873 3896 1026 3970 ἱδρυσάμην,
1045 3897 1095 3966 τὴν
1113 3889 1223 3959 ι’ταξιάν
1241 3905 1283 3951 καὶ
1301 3889 1381 3951 οἶκοσ-

320 3993 383 4056 μιλιν
400 3989 434 4042 a’s
451 3984 526 4048 τάξιν
542 3994 584 4040 καὶ
595 3983 695 4057 κόσμον
712 3979 826 4060 ἀγαγών,
849 3995 892 4041 καὶ
909 3987 940 4041 τὸ
959 3989 1014 4042 πᾶν
1032 3983 1170 4060 ἱπερείρος,
1189 3989 1232 4040 ἵνα
1249 3987 1383 4058 στηριχθῇ

320 4083 434 4144 βεβαίως
451 4075 493 4142 τῷ
510 4078 627 4146 κραταιῷ
644 4084 687 4131 rad
703 4073 811 4148 ὑπάρχῳ
828 4098 880 4147 μου
898 4074 975 4149 λόγῳ.

429 4166 455 4233 3γ
475 4165 507 4218 ef.
528 4165 559 4219 de
573 4181 656 4220 somn.
670 4168 691 4236 I,
710 4169 774 4222 691:
794 4165 843 4221 τὸν
861 4167 942 4220 θεῖον
959 4164 1038 4238 λόγον
1057 4209 1062 4221 .
1084 4209 1089 4220 .
1110 4209 1115 4218 .
1136 4208 1142 4220 .
1162 4207 1169 4222 .
1188 4165 1271 4236 μηδὲν
1285 4170 1383 4236 ἔρημον

322 4260 363 4305 καὶ
381 4252 458 4308 κενόν
476 4256 572 4309 daucos
588 4263 778 4327 μέροοὲχοντα,
798 4255 897 4328 μᾶλλον
915 4255 943 4309 δὲ
963 4301 1075 4317 ,,,,,
1099 4251 1162 4310 ὅλον
1185 4253 1210 4308 δι’
1227 4251 1297 4309 ὅλων
1315 4245 1381 4310 11νά-

320 4338 453 4414 χεόμενον.
