3260 5206
889 499 908 560 6

373 715 393 757 a
414 694 529 758 multis
551 695 757 779 vituperatur
775 696 907 781 ineptia,
928 700 1038 760 tamen
1062 715 1104 759 ex
1126 695 1273 760 doctrina
1291 695 1438 762 Philonis

309 824 312 833 ·
373 819 475 864 unam
496 804 622 884 parbem
644 801 705 864 hao
727 803 763 864 in
786 803 1057 866 commentatione
1085 801 1267 867 describere
1290 806 1438 869 conaturi

373 916 499 971 sumus.
544 904 688 971 Maxime
719 912 829 972 autem
854 907 1003 974 Philonis
1030 909 1178 974 doctrina
1206 910 1245 974 de
1268 903 1356 990 λόγῳ
1377 929 1437 976 uos

373 1013 555 1096 deleotavit,
577 1013 618 1078 de
642 1034 708 1097 qua
729 1033 765 1078 re
784 1016 853 1097 J'am
875 1015 971 1080 nobis
994 1018 1056 1081 erit
1077 1017 1249 1101 agendum.

463 1121 573 1205 Atque
606 1121 644 1182 in
674 1121 867 1205 explicanda
897 1141 936 1186 ea
961 1141 997 1186 re
1027 1123 1249 1188 demonstrare
1275 1123 1439 1204 volumus,

375 1247 475 1313 quam
496 1228 656 1291 rationem
679 1220 777 1308 λόγος
799 1226 946 1294 Philonis
968 1228 1086 1294 habeat
1108 1250 1185 1294 oum
1208 1229 1340 1313 mundo,
1362 1248 1437 1292 oum

252 1425 257 1436 Ι
373 1333 512 1418 viribus,
534 1354 611 1399 oum
633 1336 801 1419 sapientia,
823 1354 901 1398 oum
924 1336 998 1416 deo;
1024 1336 1165 1420 denique
1194 1337 1233 1401 de
1258 1335 1438 1422 τοῦλόγου

376 1443 500 1528 origiue
523 1460 562 1505 ao
583 1461 722 1526 persona
745 1442 900 1506 disemus.

448 1635 450 1640 .
463 1547 620 1612 Doctrina
636 1547 784 1614 Philonis
803 1548 843 1612 de
862 1542 950 1629 λόγῳ
964 1551 1071 1634 posita
1086 1551 1186 1614 estin
1202 1549 1296 1616 libris
1311 1550 1440 1614 Veteris

374 1656 584 1734 Testamenti,-
611 1675 695 1739 quos
725 1655 826 1720 libros
855 1655 951 1721 Philo
981 1657 1077 1721 modo
1109 1658 1145 1719 in
1175 1658 1441 1742 interpretatione

375 1762 610 1846 Alexandrina,
640 1782 725 1847 quae
754 1762 939 1828 Ptolemaeo
967 1762 1178 1848 Philadelpho
1205 1770 1361 1850 regnante
1385 1784 1441 1829 ex.-

377 1876 447 1936 orta
474 1889 545 1935 esse
573 1870 703 1953 diuitum,
733 1876 878 1953 noverat,
906 1891 1106 1955 quamquam
1134 1872 1285 1936 nonnulli
1315 1877 1440 1956 putant,

376 1977 547 2042 Philonem
568 1979 605 2040 in
627 1977 812 2042 Palaestina
833 1977 936 2041 fuisse
959 1981 1058 2061 atque
1079 1979 1228 2063 linguam
1244 1978 1441 2044 Hebraioam

377 2086 569 2170 cognovisse
601 2085 650 2168 (of.
679 2083 838 2165 Gfroerer,
864 2083 959 2148 Philo
986 2086 1057 2149 und
1084 2085 1136 2150 die
1159 2087 1441 2152 alexandrinisohe

377 2191 577 2276 Theosophie
599 2190 626 2274 I,
649 2191 689 2274 6).
734 2190 868 2255 Praeter
889 2191 1112 2276 theosophiam
1135 2195 1324 2258 orientalem
1346 2194 1441 2258 alias-

379 2317 444 2384 que
473 2297 583 2362 litaras
618 2297 821 2362 iudaeorum
852 2297 1055 2382 philosophia
1090 2319 1222 2385 quoque
1253 2302 1441 2384 antiquissi-

378 2424 508 2469 morum
525 2409 718 2490 temporum,
741 2407 837 2488 cujus
860 2405 968 2470 studio
983 2407 1195 2490 philosophus
1215 2414 1284 2472 erat
1303 2407 1442 2488 deditus,

379 2513 416 2574 in
444 2510 592 2575 Philonis
617 2511 854 2596 philosophiam
888 2512 928 2575 de
957 2506 1046 2592 λόγῳ
1079 2514 1258 2578 maximam
1291 2515 1359 2577 vim
1386 2532 1442 2577 ex·

342 2695 345 2702 ,
383 2619 528 2702 hibebat,
566 2619 613 2683 sio
639 2617 842 2702 philosophia
865 2618 1021 2703 Platonis,
1046 2619 1216 2704 Herooliti,
1250 2619 1444 2702 Stoioom,

381 2746 581 2810 quamquam
605 2728 692 2806 sunt,
723 2725 780 2807 qui
803 2723 975 2791 Philonem
997 2727 1181 2793 Stoicorum
1207 2727 1443 2812 philosophiam

381 2838 531 2898 secutum
554 2852 625 2898 esse
647 2836 768 2916 negent
797 2831 847 2913 (of.
869 2833 1076 2917 Tiedemann,
1104 2833 1195 2899 Geist
1218 2835 1275 2898 der
1298 2832 1444 2918 specula-

379 2941 470 3004 tiven
487 2939 704 3025 Philosophie,
725 2938 787 3021 HI,
810 2940 872 3022 30).
917 2939 1046 3005 Platoni
1064 2941 1157 3006 Philo
1180 2943 1226 3005 ita
1249 2960 1320 3006 sese
1343 2939 1444 3025 appli-

381 3048 476 3130 oavit,
506 3052 544 3111 ut
565 3046 766 3132 temporibus
797 3047 982 3112 christianis
1004 3048 1104 3133 vulgo
1128 3048 1287 3112 diserent:
1313 3037 1332 3124 ἢ
1355 3038 1444 3109 Haa-

382 3175 450 3217 των
471 3143 681 3241 φιλωνίζειῆ
708 3151 822 3216 Φίλων
838 3151 1050 3230 ’πλατωνίζεε
1150 3217 1154 3232 ι

884 3433 929 3512 I.

469 3577 564 3643 Philo
588 3580 686 3644 deum
708 3579 827 3663 partim
854 3596 873 3639 a
895 3577 1019 3642 mundo
1048 3578 1207 3664 disjungit
1228 3581 1346 3664 partim
1370 3599 1446 3643 oum

382 3707 419 3752 eo
435 3688 613 3772 conjungit.
658 3683 749 3750 Deus
765 3704 932 3769 nusquam
950 3690 1008 3768 est,
1031 3687 1110 3769 quia
1132 3692 1250 3752 natura
1269 3686 1445 3771 aliquando

381 3795 556 3859 interitma
589 3813 666 3857 eum
696 3792 865 3876 complecti
899 3794 1022 3877 nequit.
1077 3793 1160 3858 Cum
1190 3797 1226 3858 in
1256 3795 1445 3878 fragmentis

382 3900 576 3983 Aristobuli,
589 3897 679 3964 illius
701 3899 862 3984 pilosophi
882 3898 1023 3982 Judaiei,
1047 3902 1114 3984 qui,
1136 3900 1320 3967 Ptolemaeo
1336 3899 1447 3966 Philo-

382 4014 506 4074 metore
529 4006 728 4091 (181-145)
752 4010 918 4092 regnante,
939 4006 1159 4074 Alexandriae
1181 4011 1283 4076 vitam
1302 4011 1447 4097 degebat,

383 4117 534 4201 legimus,
561 4113 661 4178 deum
688 4111 949 4198 διακρατεῖσθαι
987 4114 1072 4195 θείᾳ
1102 4110 1240 4199 δυνάμει
1263 4113 1305 4182 τὰ
1333 4113 1447 4182 πάντα

383 4220 440 4284 καὶ
466 4212 591 4302 γενητὰ
621 4212 779 4305 ὑπάρχειν
809 4221 865 4286 καὶ
894 4223 948 4286 ἐπὶ
968 4217 1106 4288 πάντων
1139 4216 1224 4288 εἶναι
1256 4219 1317 4287 τὸν
1349 4217 1444 4299 θεὸν,

385 4345 461 4392 oum
487 4343 582 4412 porro
609 4325 645 4388 in
673 4323 807 4410 epistola
832 4324 1127 4392 Pseudo-Aristeae
1159 4327 1200 4393 ad
1229 4326 1446 4394 Philocratem

821 4563 839 4615 f
