3260 5206
887 487 929 551 18

376 672 590 761 βουλεύματα
616 679 672 742 καὶ
701 673 762 752 τὰς
789 673 989 756 ἐπιλήπτους
1018 681 1073 744 καὶ
1101 678 1277 756 ὑπαιτίους
1296 680 1439 769 πράξεις,

377 770 431 852 αἷς
457 774 579 862 ἁχνοίορ
606 782 673 844 τῶν
702 777 942 869 συμφερόντων
969 785 1201 866 ἑνεχειροῦμεν.
1250 786 1352 849 Ταῦτ’
1381 777 1439 849 οὖν

377 876 513 944 ἅπαντα
535 878 553 946 ὁ
567 884 743 967 ἱερωμένος
757 882 887 966 ἔλεγχος
899 879 1028 965 μιάνας,
1051 880 1373 978 ,,ἇποσκευασθῆνυι
1384 889 1439 951 καὶ

377 980 657 1063 ἁποσυληθῆναι“
678 978 810 1066 κελεύει,
839 981 929 1059 ὅπως
949 980 1056 1064 αὐτὴν
1077 983 1260 1074 ,μοθαρὰν
1282 983 1355 1077 ἰ’δῃίί
1379 983 1440 1066 τὴν

379 1088 439 1163 τῆς
450 1088 560 1170 ψυχῆς
574 1087 733 1161 ,,οὶκιόν“,
748 1087 815 1162 καὶ,
830 1081 888 1149 ἐόν
903 1109 990 1162 τινες
1001 1094 1036 1152 ὲν
1046 1087 1131 1181 αὐτῇ
1144 1086 1239 1155 νόσοι
1253 1087 1438 1172 γεγόνασιν,

378 1190 554 1275 intentam)
605 1189 730 1253 Munus
762 1191 980 1255 eonscientiae
1006 1193 1105 1278 λόγος
1135 1193 1240 1258 habet
1285 1193 1439 1281 Ἔλεγχος

376 1301 484 1363 estin
507 1298 616 1361 anima
637 1297 779 1360 hominis
802 1299 901 1380 atque
917 1299 1063 1384 angelus,
1086 1303 1144 1385 qui
1166 1300 1331 1365 hominem
1348 1303 1439 1366 dueit

376 1406 552 1489 omniaque
583 1409 728 1468 removet
754 1403 999 1487 impedimenta,
1028 1427 1072 1471 ne
1102 1409 1141 1471 in
1169 1408 1224 1471 via
1254 1409 1438 1492 periculosa

375 1514 471 1576 homo
509 1511 639 1575 labatur
676 1529 760 1574 neve
797 1515 917 1594 peoaet
977 1513 1032 1576 Ad
1069 1515 1170 1578 vitam
1213 1517 1437 1600 corrigendam

376 1619 529 1682 mandata
560 1637 598 1681 ao
627 1620 797 1702 praecepta
829 1618 892 1681 dat
946 1619 978 1680 A
1009 1620 1069 1684 deo
1105 1622 1176 1704 ipso
1210 1621 1366 1704 mittitur,
1399 1627 1438 1686 ut

376 1725 538 1789 hominea'
551 1728 693 1806 tueatm,
718 1724 835 1807 puniat
865 1730 962 1808 atque
991 1723 1116 1810 sanet.¹)
1163 1725 1235 1802 Qua
1267 1727 1307 1791 de
1338 1748 1438 1793 eausa

376 1833 498 1894 mirum
525 1831 630 1894 videri
661 1849 729 1894 non
760 1836 875 1915 potest,
905 1833 994 1915 quod
1025 1833 1119 1897 Philo
1151 1834 1251 1918 λόγον
1283 1835 1437 1898 describit

376 1940 504 2020 duoem,
534 1937 589 2000 oui
617 1956 688 2001 sese
718 1937 867 2002 homines
893 1941 1082 2022 permittant
1103 1959 1237 2005 neeesse
1259 1947 1318 2022 est,
1340 1943 1436 2024 eujus

376 2065 457 2110 eura
477 2048 516 2107 ut
537 2045 708 2127 naviqum
729 2044 933 2129 gubernante
948 2051 1049 2109 nauta
1063 2048 1132 2109 vita
1149 2046 1290 2110 hominis
1305 2046 1438 2129 labitur,

285 2221 294 2234 ,
375 2154 429 2218 vel
457 2154 642 2240 ταξίαρχον,
669 2151 868 2236 praefectum
894 2151 1050 2234 militum,
1079 2154 1174 2234 ouJ‘us
1200 2154 1238 2216 in
1265 2153 1436 2217 ordinibus

375 2261 471 2325 homo
503 2260 587 2323 nihil
616 2259 719 2342 inepti
750 2260 949 2323 committere
980 2263 1095 2343 potest,
1125 2280 1202 2323 nam
1233 2259 1435 2343 ubiprimum

374 2368 411 2430 in
441 2367 551 2430 anima
580 2365 721 2429 hominia
752 2365 918 2428 inchoavit
947 2385 1085 2448 munus,
1119 2385 1231 2430 omnes
1265 2386 1368 2431 ranae
1403 2373 1436 2431 et

374 2474 475 2537 falsae
490 2473 660 2556 opiniones
676 2472 894 2556 expelluntur.
910 2507 950 2518 -
962 2471 1188 2536 Fundamenta
1200 2473 1301 2556 hujus
1316 2474 1435 2537 doctri-

316 2617 320 2624 ·
374 2600 437 2644 uae
465 2581 503 2643 in
531 2578 624 2643 libris
654 2578 868 2642 Pentateuehi
894 2579 1118 2642 inveniuntur.
1156 2577 1198 2641 In
1220 2579 1303 2644 libro
1326 2579 1434 2644 Exodi

375 2688 485 2771 agitur
512 2686 552 2750 de
580 2685 694 2769 angelo
726 2685 788 2766 dei,
819 2687 859 2751 de
885 2659 1007 2812 Rasa)
1037 2685 1190 2768 Jehovae,
1222 2705 1320 2769 quem
1352 2687 1434 2751 deus

374 2849 503 2911 mittere
534 2851 567 2910 et
597 2864 655 2930 per
687 2864 786 2927 quem
817 2864 929 2910 ornnes
961 2846 1070 2910 hostes
1101 2863 1144 2908 ex
1173 2848 1260 2908 terra
1290 2847 1371 2910 laete
1403 2850 1435 2909 et

374 2955 469 3018 melle
499 2952 686 3017 abundante
725 2952 886 3036 expellere
924 2952 1042 3033 voluit,
1079 2953 1175 3033 eujus
1213 2952 1320 3036 angeli
1357 2957 1436 3033 erat,

374 3062 493 3147 populo
516 3060 656 3124 Judaioo
684 3078 727 3122 ex
749 3060 899 3142 Aegypto
928 3059 1063 3123 exeunti
1088 3060 1223 3141 praeire,
1249 3079 1326 3122 nam
1353 3060 1435 3122 deus

374 3170 497 3254 ipsein
516 3168 624 3232 medio
642 3165 756 3250 populi
772 3166 908 3229 cervicis
925 3166 1026 3229 durae
1040 3166 1168 3250 ingredi
1190 3186 1259 3229 non
1275 3164 1434 3250 poterat³)

374 3275 428 3339 Ex
465 3274 548 3338 libro
586 3273 694 3336 Exodi
737 3270 910 3353 XXXIH,
950 3273 992 3334 14
1034 3271 1142 3336 Moses
1180 3294 1199 3336 a
1242 3274 1301 3338 deo
1344 3276 1434 3357 petit,

480 3518 921 3593 1)Quodd,8.im.b[L299.

479 3609 509 3680 2)
526 3609 603 3676 Quod
621 3611 646 3664 d,
664 3627 686 3665 8.
704 3610 751 3664 im.
769 3608 806 3664 Μ.
824 3607 924 3678 L299:
954 3604 1022 3662 ὅταν
1043 3613 1200 3666 ἐπισταντος
1222 3608 1325 3683 ἐλέχχου
1344 3655 1351 3669 .
1370 3656 1378 3668 .
1396 3651 1404 3666 .
1423 3655 1431 3669 .

373 3697 449 3773 λόχος
465 3698 498 3753 δέ
512 3703 569 3752 ἐστι
589 3701 666 3755 θεῖος
688 3696 793 3770 ἅγγελος
813 3694 971 3769 ποδηγετοῖν
993 3705 1037 3752 καὶ
1057 3697 1092 3752 τὰ
1113 3703 1144 3752 ἐν
1161 3707 1242 3753 ποσὶν
1258 3691 1432 3764 tramittam,

374 3791 417 3843 ἵνα
434 3787 567 3843 ἇπταστοι
583 3785 627 3840 διὰ
645 3783 780 3860 λεωφόρον
799 3793 935 3857 βαίνωμεν
956 3786 1004 3854 τῆς
1026 3781 1092 3841 ὁδοῦ
1111 3830 1221 3847 .....
1244 3788 1292 3844 τὰς
1314 3780 1434 3860 ἇκρίτονε

373 3879 477 3932 §marein
496 3874 604 3950 γνώμας
626 3875 679 3948 πρὸ
703 3875 762 3929 τῶν
787 3869 946 3946 ἱμηχήσιονν
968 3871 1108 3946 τάττομεν
1136 3877 1194 3930 τῶν
1214 3882 1313 3931 &abab
1335 3872 1366 3934 ἃς
1389 3885 1433 3932 ἐπὶ

374 3969 504 4034 νουθεσίᾳ
520 3973 564 4020 ναὶ
580 3963 761 4038 σωφρονισμῷ
782 3969 825 4016 καὶ
841 3962 878 4033 τῇ
894 3963 944 4017 τοῦ
961 3963 1061 4021 παντὸς
1077 3962 1264 4038 ἐπανορθώσει
1279 3972 1349 4035 βίον,
1367 3987 1431 4020 συν-

372 4057 435 4124 εχοῖς
450 4057 533 4111 stada
549 4056 688 4110 ποιεῖσθαι.

480 4147 508 4216 3)
526 4146 611 4202 Exod.
629 4140 762 4210 XXXIII,
775 4140 800 4210 2,
813 4141 844 4193 3:
861 4147 904 4192 καὶ
920 4141 1108 4197 maxumin}
1125 4141 1174 4197 τὸν
1190 4134 1306 4215 σ’χχελόν
1315 4165 1367 4212 μου
1379 4143 1432 4216 πρὸ

373 4230 519 4306 προσώπου
537 4254 587 4288 σου
605 4278 612 4292 ,
631 4278 639 4292 .
658 4276 665 4289 .
685 4275 693 4289 .
716 4235 758 4282 ml
781 4225 889 4290 εἰπᾶξον
910 4249 940 4283 σε
961 4232 996 4286 εἰς
1017 4233 1068 4303 γῆν
1089 4235 1201 4304 (iubam
1216 4229 1283 4303 χάλα
1305 4240 1348 4286 καὶ
1368 4233 1432 4303 μελι,

375 4307 1217 4393 οῐ.ΕΧο(1.ΧΧΧΠ,34;ἰδοῦὁᾶχχιλόιμουπροπορεήτεταιπρὸ
1224 4318 1431 4392 προσώπουσου.
