3260 5206
869 469 909 531 36

354 671 410 753 qui
443 669 588 732 divinam
617 667 818 729 veluntatem
853 663 1026 748 explicat,¹)
1050 647 1129 744 Ιυἱὸς
1158 671 1244 732 θεοῦ
1275 663 1414 754 προσβό-

685 737 689 750 δ

355 800 468 850 τοῖος,
489 775 589 837 immo
613 774 709 837 etiam
726 771 810 847 θεὸς
830 772 883 834 vel
908 769 1058 860 δεύτερος
1081 770 1202 856 caefi)

441 1151 512 1233 Age
527 1149 744 1232 inquiramus,
768 1147 857 1229 quali
875 1146 971 1209 medo
995 1145 1093 1232 λόγος
1113 1145 1260 1210 Philonis
1282 1150 1416 1211 exortus

352 1261 402 1342 sit,
427 1258 671 1338 videamusque,
693 1257 806 1317 utrum
830 1253 872 1318 sit
894 1253 945 1316 vis
969 1254 1129 1336 quaedam
1153 1272 1195 1316 an
1217 1273 1363 1337 persona.

440 1363 490 1428 De
521 1363 645 1447 urigine
669 1358 769 1444 λόγου
791 1357 884 1423 Phile
917 1379 982 1422 nen
1016 1360 1128 1425 eadem
1159 1379 1287 1444 semper
1317 1361 1416 1425 docet.

352 1453 751 1549 Nonnuliassententias,
779 1484 862 1550 quae
891 1465 932 1528 ad
955 1469 1113 1551 originem
1144 1473 1204 1536 τοῦ
1225 1467 1326 1550 λόγου
1345 1487 1417 1551 per-

353 1582 467 1661 tinent,
489 1579 525 1640 in
540 1576 685 1640 medium
704 1573 862 1660 prolaturi
886 1593 1010 1638 sumus.
1056 1573 1174 1658 Verba,
1198 1594 1282 1660 quae
1306 1574 1417 1638 crebro

313 1735 315 1739 v
353 1689 389 1750 in
413 1685 540 1768 scriptis
562 1683 745 1767 philosophi
765 1681 991 1762 inveniuntur,
1015 1685 1093 1745 sunt
1116 1701 1200 1765 quae
1224 1685 1417 1766 sequuntur.

353 1792 502 1856 Primum
524 1790 618 1854 Philo
641 1807 721 1853 voce
745 1792 894 1867 ,,λοιλεῖυ“
917 1788 1030 1850 utitur.
1076 1786 1167 1853 Deus
1191 1793 1240 1853 est
1263 1789 1418 1875 ὁλυλῶυ,

355 1899 452 1985 λόγος
484 1902 533 1962 est
568 1898 586 1964 ὁ
619 1897 802 1984 λεγόμενος,
826 1899 875 1959 est
909 1893 1047 1958 verbum
1082 1895 1142 1958 dei.
1198 1894 1290 1961 Deus
1324 1918 1418 1962 suam

355 2006 471 2070 effatur
488 2005 661 2086 rationem3
686 2005 767 2068 ratio
792 2003 843 2066 dci
858 2000 896 2065 fit
917 1999 1064 2064 verbum.
1110 2001 1211 2066 Porro
1230 2004 1418 2069 invenimus

278 2145 282 2151 ·
354 2111 454 2177 verba
476 2119 594 2198 γευυᾶυ
616 2112 669 2176 vel
692 2097 893 2180 ἀνατέλλειν.
938 2105 1028 2170 Deus
1044 2110 1160 2192 genuit
1174 2109 1283 2197 λόγον,
1309 2132 1419 2196 quare,

355 2239 431 2284 cum
454 2219 599 2283 mundus
624 2217 693 2296 υἱὸς
708 2215 867 2304 νεώτερος
888 2217 1033 2306 vocetur,
1055 2211 1154 2300 λόγος
1167 2214 1239 2294 υἱὸς
1258 2223 1318 2285 τοῦ
1333 2222 1420 2285 θεοῦ

355 2331 373 2396 ὁ
395 2327 625 2418 πρεσβύτατος
646 2326 699 2389 vol
721 2321 933 2412 πρωτόγονος
955 2321 1169 2406 appellatur.³)
1222 2324 1419 2390 Accuraiius

357 2443 416 2504 τοῦ
445 2433 546 2521 λόγου
575 2435 665 2518 origo
699 2430 903 2512 describitur,
935 2428 963 2492 si
995 2427 1077 2493 deus
1110 2431 1254 2513 primum
1284 2436 1419 2496 vocatur

354 2544 466 2608 lumen
489 2541 542 2605 vel
556 2541 639 2623 fons,
667 2542 687 2623 ἡ
709 2541 943 2632 πρεσβυτάτου
965 2537 1066 2625 λόγου
1086 2539 1185 2625 πηγή.
1228 2539 1269 2603 In
1293 2533 1420 2604 summa

355 2648 449 2713 Phile
474 2648 514 2712 de
538 2648 661 2732 origine
686 2653 745 2715 τοῦ
766 2647 867 2734 λόγου
887 2650 934 2712 ita
958 2641 1096 2731 scripsit,
1119 2651 1166 2728 ut,
1194 2648 1275 2730 quid
1298 2647 1337 2711 de
1360 2648 1418 2710 hac

314 2777 315 2780 ¹
355 2775 390 2819 re
419 2755 565 2835 senserit,
597 2758 682 2818 recte
712 2755 893 2840 intelligere
923 2773 990 2817 non
1019 2755 1194 2838 possimus.
1247 2753 1320 2818 Hoc
1350 2754 1419 2817 lnce

357 2864 454 2926 deum
478 2860 625 2925 Philonis
649 2880 725 2924 cum
747 2861 804 2926 illa
827 2863 944 2926 natura
967 2880 1034 2923 non
1058 2865 1174 2944 creata,
1201 2860 1258 2925 scd
1282 2863 1419 2942 creante,

356 2974 389 3035 et
411 2971 511 3056 λόγου
539 2987 615 3032 cum
646 2968 702 3032 illa
731 2974 850 3033 natura
880 2972 996 3050 creata,
1027 2967 1083 3032 sed
1114 2972 1254 3050 creante,
1284 2967 1323 3031 de
1355 2987 1419 3050 qua

356 3098 442 3141 nono
474 3074 603 3142 saeculo
634 3095 663 3158 p.
687 3074 759 3139 Chr.
784 3075 899 3149 Scotus
922 3072 1064 3158 Erigena
1092 3074 1222 3138 locutus
1245 3078 1304 3157 est,
1334 3094 1419 3137 ccm-

356 3183 542 3269 paremus.4)
973 3173 977 3182 ¹

447 3289 534 3367 Quid
562 3289 708 3352 dicamus
738 3290 776 3354 de
804 3289 905 3374 λόγου
925 3286 1085 3371 persona?
1137 3285 1171 3350 Si
1198 3285 1292 3350 Philo
1321 3286 1419 3372 λόγου

357 3398 505 3461 emnium
534 3415 645 3459 rerum
676 3395 766 3459 ducit
793 3397 962 3476 rationem,
993 3394 1135 3456 animam
1160 3392 1286 3474 mundi,
1315 3393 1419 3477 legem

357 3524 394 3568 ac
412 3503 583 3567 vinculum
601 3505 747 3585 naturae,
766 3503 934 3568 custodem
952 3501 1041 3582 boni,
1063 3502 1205 3564 animam
1228 3501 1420 3582 animarum,

357 3611 588 3675 conscientiam
604 3614 636 3673 et
651 3611 852 3693 sapientiam,
876 3629 941 3694 qua
960 3608 1069 3673 emnia
1086 3609 1123 3670 in
1144 3607 1268 3672 mundo
1293 3609 1419 3691 sapien-

356 3720 480 3783 tissime
515 3717 671 3800 dispcsita
704 3720 736 3781 et
770 3719 947 3782 constituta
981 3718 1068 3796 sunt,
1102 3715 1129 3778 si
1164 3712 1279 3800 λόγου
1293 3714 1420 3798 judicat

356 3826 488 3908 fontem,
518 3843 560 3888 ex
591 3844 656 3906 quc
689 3825 794 3888 omnis
825 3823 900 3888 fluit
930 3821 1097 3907 sapientia,
1127 3823 1155 3886 si
1186 3821 1289 3902 dccet,
1320 3823 1420 3907 λόγου

482 4036 573 4106 )Leg.
592 4034 669 4103 alleg.
688 4034 711 4104 Ι,
731 4035 791 4092 128.

483 4126 493 4195 λ
511 4125 551 4179 De
570 4124 638 4178 conf.
658 4123 722 4193 ling.
741 4126 763 4194 I,
782 4123 843 4192 413,
862 4122 915 4176 414
941 4120 1001 4176 427.

482 4214 552 4283 )De
571 4213 639 4270 conf.
658 4213 722 4284 ling.
740 4213 762 4284 1,
781 4212 842 4282 413,
860 4211 925 4279 4143
945 4210 1005 4280 quis
1023 4228 1074 4270 rer.
1093 4211 1149 4270 div.
1168 4212 1195 4268 h.
1215 4228 1236 4271 s.
1254 4212 1276 4282 I,
1296 4211 1355 4266 227.

465 4302 494 4372 4)
513 4303 546 4361 cf.
565 4301 607 4360 Sc.
626 4301 749 4372 Erigone,
769 4303 802 4356 de
820 4300 952 4357 dudone
970 4303 1135 4358 naturarum.

465 4037 479 4090 1

463 4126 481 4179 2

465 4216 481 4268 3
