3260 5206
708 474 750 538 19

99 765 103 772 Ι
198 677 236 735 ut
256 670 377 755 populo
401 689 461 734 suo
484 672 555 734 vias
577 670 701 734 indicet
722 674 755 733 et
777 670 859 734 deus
881 670 1069 753 respondet:
1093 641 1183 789 qssto
1197 681 1261 790 1γὲ

141 873 145 878 -
196 836 217 896 i.
245 853 272 897 0.
298 833 398 896 facies
425 847 499 892 mea
528 827 709 912 praecedet,
741 846 826 910 quae
849 827 949 892 verba
980 827 1132 894 hebraica
1164 829 1262 894 LXX

197 942 313 1005 vitiose
335 937 538 1022 interpretati
561 939 652 999 sunt:
678 933 801 1012 ,οὗτὸς
821 935 1121 1026 προπορεύσομαι.“

304 1046 430 1132 Λόγον,
453 1041 622 1107 custodem
644 1042 786 1124 virtutis,
811 1047 937 1126 patrem
966 1064 1099 1128 quoque
1126 1049 1159 1108 et
1185 1063 1262 1107 con-

193 1157 308 1240 jugem
329 1154 422 1218 Philo
446 1154 549 1214 vocat
593 1147 709 1234 Λόγος
730 1155 888 1232 tanquam
911 1153 1043 1234 conjux,
1066 1158 1104 1217 ut
1122 1155 1158 1216 in
1175 1152 1262 1216 bona

197 1268 292 1342 terra,
312 1262 350 1324 in
370 1259 542 1323 hominum
572 1257 681 1319 anima
712 1275 824 1319 semen
850 1257 983 1321 virtutis
1014 1262 1108 1343 ponit
1135 1266 1261 1324 011111-

198 1389 298 1452 quam
331 1372 423 1452 pater
459 1364 547 1427 bona
584 1361 720 1426 consilia
758 1367 791 1426 et
828 1364 993 1448 praeclara
1030 1366 1115 1432 facta
1148 1369 1261 1452 gignit.

196 1476 318 1538 Anima
339 1473 481 1537 hominis
496 1470 593 1534 modo
609 1469 725 1536 similis
741 1470 888 1554 virginae
908 1477 1025 1556 castae,
1048 1495 1148 1558 quam
1164 1474 1262 1559 λόγος

196 1581 345 1666 protegit,
365 1578 462 1642 modo
484 1577 625 1641 feminae
641 1576 806 1641 connubio
819 1580 964 1663 junctae,
987 1600 1072 1664 quae
1095 1602 1163 1645 una
1185 1602 1261 1646 cnm

196 1689 285 1773 λόγῳ
308 1689 430 1750 virtute
447 1689 560 1749 ornato
576 1685 669 1766 vivit,
691 1686 750 1768 qui
773 1703 845 1748 cam
860 1687 990 1770 optimis
1009 1689 1262 1773 cogitationibus

197 1795 304 1859 reddit
325 1793 510 1874 fecundam,
541 1790 637 1854 modo
666 1790 783 1854 similis
810 1797 861 1856 est
883 1793 1013 1888 viduae,
1041 1816 1140 1878 quam
1163 1795 1263 1882 λόγος

198 1921 306 1986 neque
326 1906 419 1985 pater
440 1917 550 1982 neque
572 1899 695 1980 conjux
717 1899 871 1982 possidet,
894 1905 932 1964 ut
947 1901 1003 1964 illa
1019 1903 1090 1965 sine
1106 1921 1144 1966 co
1159 1905 1262 1967 vitam

197 2010 293 2093 degat
318 2007 522 2092 flagitiosam.
567 2003 780 2068 Potissimum
811 2005 848 2068 in
878 2006 1021 2072 hominis
1047 2008 1116 2072 vita
1146 2011 1262 2074 morali

198 2116 296 2202 λόγος
317 2120 368 2180 est
383 2114 607 2204 σπερματικὸς
627 2119 683 2182 καὶ
704 2113 896 2199 γεννητικὸς
918 2121 986 2182 τῶν
1006 2115 1150 2199 animost)

288 2223 399 2300 Quum
420 2222 527 2286 virtus
549 2222 691 2285 hominis
714 2223 797 2306 actio
825 2223 869 2285 sit
891 2222 1074 2286 secundum
1097 2223 1262 2307 quandam
1344 2225 1356 2246 ⁸

195 2352 346 2396 normam
360 2349 398 2393 ac
412 2330 518 2412 legem
535 2330 571 2391 in
588 2330 835 2412 persuasionem
849 2335 1021 2413 receptam,
1043 2329 1138 2393 Philo
1160 2329 1262 2416 λόγον

191 2440 321 2522 judicat
342 2439 455 2526 νόμον,
500 2435 610 2499 Verba
636 2435 765 2499 adhoc
791 2437 987 2520 pertinentia
1014 2456 1109 2522 saepe
1131 2443 1261 2502 mutan-

195 2553 261 2611 tur.
311 2546 377 2610 Hic
398 2548 500 2634 νόμος
525 2545 621 2609 modo
650 2550 748 2623 θεῖος
779 2545 878 2630 λόγος
902 2543 999 2608 modo
1022 2542 1132 2629 ὀρθὸς
1163 2542 1262 2628 λόγος

194 2655 293 2720 modo
324 2662 382 2736 τῆς
413 2653 544 2747 φύσεως
576 2651 685 2740 ὀρθὸς
716 2651 814 2736 λόγος
840 2653 937 2716 modo
967 2652 1172 2742 εὐάρμοστος
1205 2661 1261 2722 καὶ

196 2761 393 2849 πάμμουσος
415 2761 592 2849 συμφωνία
610 2760 739 2846 ἀρετῶν
754 2761 923 2842 vocatur)
953 2759 1262 2846 Η11101όγο101111

196 2870 265 2952 illo,
286 2871 373 2954 quod
395 2868 537 2932 Kantius
559 2873 667 2931 vocat:
700 2866 957 2950 ,detegorischer
979 2865 1181 2951 ImperatiV,“
1208 2869 1261 2932 101

195 2997 272 3040 cum
299 2977 508 3058 conscientia,
535 2995 612 3038 cum
639 2975 785 3038 veritatis
813 2990 932 3054 amore,
958 2991 1035 3035 cum
1061 2975 1132 3058 ipso
1160 2994 1261 3040 sensu

194 3085 304 3168 officii,
331 3085 371 3148 de
398 3103 464 3167 quo
486 3081 633 3145 Fichtins
659 3081 790 3144 locutus
817 3085 876 3162 est,
902 3098 1136 3164 comparemus.
1188 3081 1261 3144 Hac

194 3194 231 3256 in
262 3193 409 3255 doctrina
440 3189 534 3278 Plrilo
565 3187 774 3251 Aristotelem
804 3191 836 3250 et
867 3185 993 3250 Stoicos
1024 3186 1123 3251 habet
1152 3188 1261 3252 duces.

195 3298 271 3362 Jam
301 3300 338 3361 in
367 3297 496 3381 scriptis
526 3295 721 3376 Aristotelis,
750 3296 787 3357 in
816 3295 888 3376 ejus
917 3293 1120 3378 philosophia
1146 3295 1261 3357 morali

194 3403 335 3471 verbu'm
364 3403 462 3489 λόγος
482 3399 591 3491 ὀρθός
626 3402 803 3465 invenitur.
856 3400 909 3464 Ab
944 3400 1121 3465 Aristotele
1153 3401 1261 3466 virtus

195 3517 262 3598 ἕξις
287 3513 375 3582 κατὰ
404 3511 465 3581 τὸν
486 3508 599 3599 ὀρθὸν
626 3507 728 3594 λόγον
747 3508 802 3571 vel
822 3505 909 3591 μετὰ
937 3510 998 3573 τοῦ
1025 3503 1138 3586 ὀρθοῦ
1159 3497 1261 3583 λόγου

196 3622 399 3687 describitur.
443 3620 559 3704 Λόγος
578 3635 656 3681 1010
674 3614 860 3679 Aristotelis
875 3617 1008 3678 nonest
1024 3612 1080 3674 lex
1100 3604 1261 3691 quaedam

198 3729 308 3792 divina
321 3731 359 3792 in
372 3727 618 3813 persuasionem
632 3727 770 3808 recepta,
789 3722 847 3786 sed
865 3721 1008 3784 hominis
1023 3722 1074 3782 est
1088 3714 1260 3809 φρόνησις,

196 3835 250 3899 vis
272 3836 442 3920 mgitandi,
470 3852 554 3920 quae
581 3829 790 3896 deliberando
818 3830 962 3892 actiones
983 3827 1145 3889 humanas
1167 3841 1259 3908 prae-

195 3940 329 4024 scribit,
364 3943 419 4006 101
456 3942 539 4006 ratio
585 3939 691 4020 utilis,
732 3955 817 4021 quae
859 3940 965 4000 rectas
1001 3931 1144 3999 ostendit
1178 3931 1260 4011 vias,

194 4049 238 4112 ad
283 4069 365 4133 quas
410 4049 574 4112 humanae
621 4047 761 4108 virtutes
809 4041 998 4106 1010101110
1045 4043 1132 4104 sunt.
1205 4036 1259 4100 Ex

301 4226 330 4293 1)
348 4222 587 4300 Despec,leg.ll,
603 4221 669 4288 275;
688 4218 852 4286 desomml,
865 4213 1260 4286 65131ag.alleg.111‚1,117.

300 4315 331 4384 2)
347 4310 584 4370 DeritaAbr.lt
602 4308 749 4378 II,883de
768 4307 856 4376 gigd,
875 4301 1259 4374 2653deoentmglt41.

1044 4417 1079 4470 2*
