3260 5206
862 417 921 480 24.

347 616 466 696 Juvant
489 631 630 696 eumque
653 613 689 676 in
711 613 865 697 periculis
889 619 1029 696 servant,
1050 618 1089 677 ut
1103 612 1248 678 lacobus
1268 613 1308 677 ab
1325 615 1412 677 omni

351 719 436 782 malo
459 719 645 785 vindicatus
668 720 752 804 est‚¹)
775 720 828 784 vel
851 724 889 783 ut
910 719 982 784 Noa
1003 721 1131 784 invenit
1152 721 1289 805 gratiam
1304 739 1412 783 coram

353 820 437 908 ἀνθ’)
452 827 473 888 i.
490 845 515 889 e.
532 827 619 910 apud
636 825 784 915 δύναμιν
794 825 934 910 benigne
956 825 1137 891 facientem.
1168 825 1240 890 Hae
1260 824 1413 913 δυνάμεις

351 952 447 1016 porro
470 931 546 996 filiis
571 932 622 996 dei
644 937 815 1019 praecepta
836 933 937 1016 patris
959 934 1114 996 nuntiant
1136 935 1273 1016 ejusque
1296 933 1412 996 volun-

352 1042 450 1102 tatem
474 1038 667 1122 significant,
689 1039 832 1104 filiorum
856 1039 1018 1104 desideria
1040 1039 1186 1103 indicant
1199 1039 1413 1123 hominesque

353 1146 534 1229 apeccatis
562 1142 725 1230 servant‚⁸)
759 1166 858 1231 quam
889 1145 928 1208 ob
955 1165 1024 1210 rem
1056 1145 1265 1210 ascendentes
1294 1165 1331 1209 ao
1359 1146 1413 1209 de-

354 1251 544 1316 scendentes
569 1252 809 1336 describuntur,
830 1271 897 1315 non
919 1253 973 1334 ita,
996 1257 1034 1315 ut
1057 1251 1126 1334 deo,
1149 1253 1207 1335 qui
1230 1255 1339 1317 omnia
1354 1255 1414 1318 scit

354 1364 385 1424 et
416 1360 525 1423 omnia
556 1364 673 1444 potest,
702 1361 744 1425 iis
776 1360 816 1424 ad
848 1378 900 1423 res
929 1357 1121 1422 indicandas
1154 1378 1235 1442 opus
1268 1361 1323 1442 sit3
1356 1361 1413 1425 sed

352 1465 541 1530 hominibus
571 1465 779 1550 mortalibus,
814 1466 871 1549 qui
902 1473 1010 1528 coram
1041 1465 1226 1531 excelsitate
1259 1467 1311 1531 dei
1342 1487 1413 1552 per-

354 1573 556 1656 horrescunt,
571 1574 651 1638 utile
663 1579 721 1656 est,
736 1575 816 1638 tales
831 1569 949 1636 habere
962 1571 1099 1635 arbitros
1109 1573 1414 1658 intercessoresque.

259 1760 261 1763 .
441 1677 643 1744 Leibnitzius
666 1680 877 1765 philosophus
897 1676 1053 1742 monades
1073 1697 1143 1742 esse
1159 1681 1414 1745 innumerabiles

354 1784 386 1850 et
410 1786 555 1850 diversos
570 1787 656 1851 inter
679 1805 714 1851 se
729 1786 849 1851 habere
864 1784 986 1870 gradm
1003 1783 1130 1866 docuit3
1156 1787 1304 1851 similiter
1322 1786 1415 1851 Philo

355 1892 395 1956 de
430 1892 587 1981 δυνάμεσι
622 1894 791 1977 judicavit.
845 1891 1005 1983 Δυνάμεις
1043 1884 1298 1958 innumerabiles
1330 1898 1415 1958 sunt.

355 1986 415 2072 Εἷς
448 1989 493 2063 ὢν
515 1995 533 2062 ὁ
559 1993 644 2074 θεὸς
664 1994 864 2083 άμυθητους
891 1999 966 2084 περὶ
996 1991 1100 2062 αὐτὸν
1127 1999 1190 2082 ἔχει
1224 1994 1414 2083 ὁυνάμειςί)

239 2133 242 2140 ·
353 2101 444 2166 Inter
470 2103 528 2167 has
558 2103 699 2188 benigne
725 2104 880 2168 facientes
911 2107 942 2166 et
971 2103 1144 2186 punientes
1175 2102 1414 2184 discernuntur.

354 2208 498 2274 Maxime
527 2210 667 2294 insignis
695 2214 744 2274 est
768 2210 905 2297 δύναμις
933 2228 1057 2290 creans
1085 2205 1222 2293 δάναμις
1248 2206 1414 2288 ποιητική.

356 2314 429 2392 Qua
456 2316 537 2382 deus
564 2321 669 2382 totum
695 2319 857 2382 mundum
885 2315 1039 2400 πρανῆ.)
1086 2311 1196 2390 Quum
1218 2316 1415 2399 principium

355 2423 471 2487 mundi
499 2424 550 2488 dei
578 2425 621 2488 sit
647 2424 785 2507 bonitas,
811 2425 891 2488 haec
912 2424 963 2487 vis
987 2440 1100 2486 creans
1124 2426 1156 2485 et
1177 2421 1321 2485 formans
1343 2440 1415 2506 per·

356 2549 450 2614 saepe
474 2551 493 2593 a
518 2529 656 2595 Philone
682 2535 819 2596 vocatur
841 2530 934 2608 θεός,
962 2527 1140 2614 άμαθότης
1167 2528 1220 2592 vel
1243 2527 1415 2620 χαρισεική

355 2636 408 2699 vel
438 2633 632 2722 εὐεργετική.
684 2635 746 2701 Oui
777 2630 914 2721 δυνάμει
939 2657 997 2722 par
1030 2640 1079 2700 est
1109 2635 1246 2725 δύναμις
1266 2655 1416 2721 regnans,

356 2762 440 2826 quae
462 2741 626 2830 βασιλική,
655 2743 845 2826 κολαστική,
874 2744 993 2833 κύριος,
1022 2747 1155 2828 ἐξουσία
1182 2745 1236 2808 vel
1257 2744 1416 2831 ἡγεμονία

355 2847 524 2934 vocaturi)
580 2850 714 2915 Praeter
746 2853 804 2916 has
836 2854 989 2942 δυνάμεις
1016 2852 1109 2916 Philo
1140 2854 1237 2916 etiam
1273 2852 1312 2916 de
1345 2853 1415 2916 aliis

357 2958 493 3041 scripsit.
543 2957 583 3021 In
610 2957 692 3022 libro
717 2958 756 3022 de
783 2961 929 3046 profugis
951 2960 987 3025 P.
1012 2961 1077 3024 464
1099 2959 1252 3043 legimus:
1280 2957 1414 3041 Maiae?

357 3051 415 3125 οὖν
436 3059 457 3141 ἡ
478 3063 538 3146 μὲν
560 3059 774 3148 πρεσβυτάτη
795 3067 851 3130 καὶ
872 3060 1066 3152 ὀχυρωτάτη
1081 3063 1136 3127 καὶ
1158 3059 1277 3148 ἀρίστη
1292 3061 1416 3152 μητρό-

357 3163 461 3238 πολις,
494 3161 553 3228 οὐκ
580 3159 664 3229 αὐτὸ
692 3160 797 3242 ,ιιόνον
823 3163 927 3242 πόλις,
956 3164 974 3231 ὁ
1003 3161 1101 3240 θεῖός
1129 3170 1201 3229 ἐστι
1227 3159 1334 3248 λόγος,
1363 3169 1415 3256 ἐφ’

356 3259 395 3328 ὃν
435 3268 569 3353 πρῶτον
607 3263 830 3358 καταφεύγειν
868 3264 1138 3356 ὠφελιμώτατον.
1207 3268 1253 3331 Αἱ
1291 3263 1418 3332 tollas

357 3371 464 3450 πέντε,
498 3366 541 3442 ὡς
572 3359 614 3432 ab
642 3364 792 3434 ἀποικίαι
814 3355 967 3453 δυνάμειςΙ
996 3371 1059 3435 aiot
1087 3373 1148 3435 τοῦ
1175 3370 1338 3451 λέγοντος,
1372 3362 1417 3434 ὧν

465 3629 490 3699 1)
511 3629 575 3683 Gen.
595 3629 718 3696 XLVIII,
733 3631 778 3686 16:
803 3625 818 3684 ὁ
837 3627 943 3706 ἄγγελος
960 3626 975 3687 o‘
994 3628 1119 3704 ῥυόμενόε
1135 3655 1168 3703 με
1185 3637 1214 3685 ἐκ
1232 3627 1344 3686 πάντων
1361 3633 1418 3686 τῶν

281 3771 284 3776 .
356 3717 450 3772 κακῶν.

426 3825 429 3833 ·
463 3807 491 3876 2)
510 3807 574 3860 Gen.
594 3806 640 3875 vl,
654 3795 695 3862 8εΙ
724 3808 787 3862 Νάε
808 3807 837 3862 δὲ
858 3795 918 3882 εἷίρε
935 3807 1011 3882 χάριν
1028 3815 1150 3864 ἐναντίον
1167 3815 1256 3880 κυρίου
1273 3809 1323 3864 τοῦ
1341 3811 1417 3865 θεοῦ.

463 3894 491 3964 3)
508 3894 571 3964 Leg.
591 3895 668 3965 alleg.
686 3896 793 3966 111,62.

463 3983 493 4054 4)
512 3983 552 4037 De
572 3985 639 4039 conf.
658 3983 723 4054 ling.
742 3984 772 4042 P.
792 3986 852 4046 345.

464 4073 492 4142 5)
509 4072 550 4126 De
569 4074 667 4130 Abrah.
686 4073 724 4146 II,
748 4075 794 4132 19:
817 4072 902 4148 ταύτῃ
924 4077 1010 4146 ἔθηκέ
1024 4098 1054 4130 τε
1076 4082 1119 4130 καὶ
1135 4071 1287 4146 διεκόσμησε
1304 4075 1336 4131 τὸ
1353 4079 1417 4140 πᾶν,

464 4163 492 4232 6)
509 4163 550 4217 De
574 4162 651 4232 migr.
677 4164 775 4222 Abrnh.
799 4166 821 4236 Ι,
844 4165 910 4234 464;
938 4166 970 4220 de
988 4165 1103 4221 Cherub.
1125 4164 1148 4235 Ι,
1168 4164 1231 4234 144;
1254 4166 1287 4221 de
1305 4166 1417 4221 somniis

357 4250 379 4321 Ι,
398 4250 464 4320 645;
483 4253 515 4306 de
534 4253 632 4308 Abruh.
651 4251 687 4324 II,
707 4252 753 4322 183
772 4254 805 4309 de
824 4253 938 4311 Cherub.
956 4253 978 4325 1,
998 4253 1057 4310 144.

975 4484 1116 4568 Α.
